@article{surveyemergencies1,
  author  = {Costa, Daniel G. and Peixoto, João Paulo J. and Jesus, Thiago C. and Portugal, Paulo and Vasques, Francisco and Rangel, Elivelton and Peixoto, Maycon},
  journal = {IEEE Access},
  title   = {{A Survey of Emergencies Management Systems in Smart Cities}},
  year    = {2022},
  volume  = {10},
  number  = {},
  pages   = {61843-61872},
  doi     = {10.1109/ACCESS.2022.3180033}
}

@inproceedings{riskzones,
  author    = {Peixoto, João Paulo J. and Costa, Daniel G. and de J. S. da Franca Rocha, Washington and Portugal, Paulo and Vasques, Francisco},
  booktitle = {2022 IEEE International Smart Cities Conference (ISC2)},
  title     = {{Optimizing the Deployment of Multi-sensors Emergencies Detection Units Based on the Presence of Response Centers in Smart Cities}},
  year      = {2022},
  volume    = {},
  number    = {},
  pages     = {1-7},
  doi       = {10.1109/ISC255366.2022.9922075},
  address   = {Pafos, Cyprus}
}

@article{sensorsedus,
  title     = {{On the Development of Flexible Mobile Multi-sensor Units Based on Open-source Hardware Platforms and a Reference Framework}},
  author    = {Oliveira, Franklin and Costa, Daniel G and Silva, Ivanovitch},
  journal   = {HardwareX},
  volume    = {10},
  pages     = {e00243},
  year      = {2021},
  publisher = {Elsevier}
}

@article{sensorsedus2,
  author         = {Avgeris, Marios and Spatharakis, Dimitrios and Dechouniotis, Dimitrios and Kalatzis, Nikos and Roussaki, Ioanna and Papavassiliou, Symeon},
  title          = {{Where There Is Fire There Is SMOKE: A Scalable Edge Computing Framework for Early Fire Detection}},
  journal        = {Sensors},
  volume         = {19},
  year           = {2019},
  number         = {3},
  article-number = {639},
  issn           = {1424-8220},
  doi            = {10.3390/s19030639}
}

@article{mapping1,
  title   = {{Mapping Urban Resilience to Disasters - A review}},
  journal = {Sustainable Cities and Society},
  volume  = {51},
  pages   = {101746},
  year    = {2019},
  issn    = {2210-6707},
  doi     = {https://doi.org/10.1016/j.scs.2019.101746},
  author  = {Jean-Marie Cariolet and Marc Vuillet and Youssef Diab}
}

@article{geospatial1,
  title   = {{INACITY - INvestigate and Analyze a CITY}},
  journal = {SoftwareX},
  volume  = {15},
  pages   = {100777},
  year    = {2021},
  issn    = {2352-7110},
  doi     = {https://doi.org/10.1016/j.softx.2021.100777},
  author  = {Artur André {Almeida de Macedo Oliveira} and Roberto Hirata}
}

@article{geospatial2,
  title     = {{Open Geospatial Tools for Humanitarian Data Creation, Analysis, and Learning Through the Global Lens of YouthMappers}},
  author    = {Solís, Patricia and Anderson, Jennings and Rajagopalan, Sushil},
  journal   = {Journal of Geographical Systems},
  volume    = {23},
  number    = {4},
  pages     = {599--625},
  year      = {2021},
  publisher = {Springer}
}

@article{geospatial3,
  title  = {{Using Multi-source Geospatial Big Data to Identify the Structure of Polycentric Cities},
            journal = {Remote Sensing of Environment}},
  volume = {202},
  pages  = {210-221},
  year   = {2017},
  issn   = {0034-4257},
  doi    = {https://doi.org/10.1016/j.rse.2017.06.039},
  author = {Jixuan Cai and Bo Huang and Yimeng Song}
}

@inproceedings{geospatial4,
  title        = {{Geospatial Tools in Support of Urban Planning: a Possible Role of Historical Maps in Programming a Sustainable Future for Cities}},
  author       = {Borgogno-Mondino, E and Lessio, Andrea},
  booktitle    = {International Conference on Computational Science and Its Applications},
  pages        = {649--663},
  year         = {2020},
  organization = {Springer},
  address      = {Cagliari, Italy}
}

@misc{geospatial5,
  title     = {{Crowdsourced Geospatial Data Quality: Challenges and Future Directions}},
  author    = {Basiri, Anahid and Haklay, Muki and Foody, Giles and Mooney, Peter},
  journal   = {International Journal of Geographical Information Science},
  volume    = {33},
  number    = {8},
  pages     = {1588--1593},
  year      = {2019},
  publisher = {Taylor \& Francis}
}

@article{geospatial6,
  author         = {Coetzee, Serena and Ivánová, Ivana and Mitasova, Helena and Brovelli, Maria Antonia},
  title          = {{Open Geospatial Software and Data: A Review of the Current State and A Perspective into the Future}},
  journal        = {ISPRS International Journal of Geo-Information},
  volume         = {9},
  year           = {2020},
  number         = {2},
  article-number = {90}
}

@article{osm,
  title     = {{OpenStreetMap History for Intrinsic Quality Assessment: Is OSM Up-to-date?}},
  author    = {Minghini, Marco and Frassinelli, Francesco},
  journal   = {Open Geospatial Data, Software and Standards},
  volume    = {4},
  number    = {1},
  pages     = {1--17},
  year      = {2019},
  publisher = {SpringerOpen}
}

@book{leaflet,
  title     = {{Leaflet.js Essentials}},
  author    = {Crickard III, Paul},
  year      = {2014},
  publisher = {Packt Publishing Ltd}
}

@misc{dreamhost,
  author       = {},
  title        = {{Dreamhost Web hosting}},
  howpublished = {\url{https://www.dreamhost.com}},
  year         = {2023},
  note         = {[Online; accessed 07-February-2023]}
}

@misc{json,
  author       = {},
  title        = {{Introducing JSON}},
  howpublished = {\url{https://www.json.org}},
  year         = {2023},
  note         = {[Online; accessed 07-February-2023]}
}

@misc{geojson,
  author       = {},
  title        = {{GeoJSON}},
  howpublished = {\url{https://www.geojson.org}},
  year         = {2023},
  note         = {[Online; accessed 07-February-2023]}
}

@book{flask,
  title     = {{Flask Framework Cookbook}},
  author    = {Aggarwal, Shalabh},
  year      = {2014},
  publisher = {Packt Publishing Ltd}
}

@misc{phusion,
  title        = {{Passenger - Enterprise Grade Web App Server for Ruby, Node.js, Python}},
  author       = {},
  howpublished = {\url{https://www.phusionpassenger.com/}},
  year         = {2023},
  note         = {[Online; accessed 07-February-2023]}
}

@misc{mysql,
  author       = {},
  title        = {{MySQL Database}},
  howpublished = {\url{https://www.mysql.com}},
  year         = {2023},
  note         = {[Online; accessed 07-February-2023]}
}

@misc{osmium,
  author       = {},
  title        = {{Osmium Tool}},
  howpublished = {\url{https://wiki.openstreetmap.org/wiki/Osmium}},
  year         = {2023},
  note         = {[Online; accessed 07-February-2023]}
}

@misc{earth,
  author       = {},
  title        = {{Google Earth Engine}},
  howpublished = {\url{https://earthengine.google.com}},
  year         = {2023},
  note         = {[Online; accessed 07-February-2023]}
}

@misc{qgis,
  author       = {},
  title        = {{QGIS: A Free and Open Source Geographic Information System}},
  howpublished = {\url{https://qgis.org/en/site/}},
  year         = {2023},
  note         = {[Online; accessed 07-February-2023]}
}

@misc{planetosm,
  author       = {},
  title        = {{Planet OSM}},
  howpublished = {\url{https://planet.openstreetmap.org/}},
  year         = {2023},
  note         = {[Online; accessed 07-February-2023]}
}

@article{log1,
  title     = {{Primary Care Emergency Preparedness Network, New York City, 2015: Comparison of Member and Nonmember Sites}},
  author    = {Williams, Marsha D and Jean, Marc C and Chen, Bei and Molinari, Noelle-Angelique M and LeBlanc, Tanya T},
  journal   = {American journal of public health},
  volume    = {107},
  number    = {S2},
  pages     = {S193--S198},
  year      = {2017},
  publisher = {American Public Health Association}
}

@article{log2,
  title     = {{Earthquake Loss Assessment for Integrated Disaster Risk Management}},
  author    = {Cardona, Omar D and Ordaz, Mario G and Yamin, Luis E and Marulanda, Mabel C and Barbat, Alex H},
  journal   = {Journal of Earthquake Engineering},
  volume    = {12},
  number    = {S2},
  pages     = {48--59},
  year      = {2008},
  publisher = {Taylor \& Francis}
}

@article{classificacao1_calor,
  author    = {David M. Hondula and Robert E. Davis and Michael V. Saha and Carleigh R. Wegner and Lindsay M. Veazey},
  title     = {{Geographic Dimensions of Heat-related Mortality in Seven U.S. Cities}},
  journal   = {Environmental Research},
  year      = {2015},
  volume    = {138},
  pages     = {439--452},
  month     = {4},
  doi       = {10.1016/j.envres.2015.02.033},
  keywords  = {rank3},
  publisher = {Elsevier {BV}}
}

@article{classificacao2_clima,
  author    = {Hung-Chih Hung and Ching-Yi Yang and Chang-Yi Chien and Yi-Chung Liu},
  title     = {{Building Resilience: Mainstreaming Community Participation into Integrated Assessment of Resilience to Climatic Hazards in Metropolitan Land Use Management}},
  journal   = {Land Use Policy},
  year      = {2016},
  volume    = {50},
  pages     = {48--58},
  month     = {1},
  doi       = {10.1016/j.landusepol.2015.08.029},
  keywords  = {rank5},
  publisher = {Elsevier {BV}}
}

@article{classificacao3_redi,
  author  = {Constantine E. Kontokosta and Awais Malik},
  title   = {{The Resilience to Emergencies and Disasters Index: Applying Big Data to Benchmark and Validate Neighborhood Resilience Capacity}},
  journal = {Sustainable Cities and Society},
  year    = {2018},
  volume  = {36},
  pages   = {272--285},
  month   = {1},
  issn    = {2210-6707},
  doi     = {10.1016/j.scs.2017.10.025}
}

@article{simulationflood,
  title   = {{Towards the Simulation of Flood Evacuation in Urban Scenarios: Experiments to Estimate Human Motion Speed in Floodwaters}},
  journal = {Safety Science},
  volume  = {123},
  pages   = {104563},
  year    = {2020},
  issn    = {0925-7535},
  doi     = {https://doi.org/10.1016/j.ssci.2019.104563},
  author  = {Gabriele Bernardini and Enrico Quagliarini and Marco D'Orazio and Maurizio Brocchini}
}
