%%%%%%%%%%%%%%%%%%%%%%%%%%%%%%%%%%%%
%%%% Smart cities Base %%%%%%%%%%%%

@article{smartcities1,
  author  = {A. {Kirimtat} and O. {Krejcar} and A. {Kertesz} and M. F. {Tasgetiren}},
  journal = {IEEE Access},
  title   = {Future Trends and Current State of Smart City Concepts: A Survey},
  year    = {2020},
  volume  = {8},
  number  = {},
  pages   = {86448-86467},
  doi     = {10.1109/ACCESS.2020.2992441}
}

@article{smartcities2,
  author  = {A. {Gharaibeh} and M. A. {Salahuddin} and S. J. {Hussini} and A. {Khreishah} and I. {Khalil} and M. {Guizani} and A. {Al-Fuqaha}},
  journal = {IEEE Communications Surveys \& Tutorials},
  title   = {Smart Cities: A Survey on Data Management, Security, and Enabling Technologies},
  year    = {2017},
  volume  = {19},
  number  = {4},
  pages   = {2456-2501},
  doi     = {10.1109/COMST.2017.2736886}
}
  
@article{smartcities3,
  title   = {A prioritization approach for optimization of multiple concurrent sensing applications in smart cities},
  journal = {Future Generation Computer Systems},
  volume  = {108},
  pages   = {228-243},
  year    = {2020},
  issn    = {0167-739X},
  doi     = {https://doi.org/10.1016/j.future.2020.02.067},
  author  = {Daniel G. Costa and Felipe P. {de Oliveira}}
}

@article{smartcities4,
  title   = {Enabling technologies and sustainable smart cities},
  journal = {Sustainable Cities and Society},
  volume  = {61},
  pages   = {102301},
  year    = {2020},
  issn    = {2210-6707},
  doi     = {https://doi.org/10.1016/j.scs.2020.102301},
  author  = {Mohd Abdul Ahad and Sara Paiva and Gautami Tripathi and Noushaba Feroz}
}

@article{smartcities7,
  author  = {Ruben S{\'{a}}nchez-Corcuera and Adri{\'{a}}n Nu{\~{n}}ez-Marcos and Jesus Sesma-Solance and Aritz Bilbao-Jayo and Rub{\'{e}}n Mulero and Unai Zulaika and Gorka Azkune and Aitor Almeida},
  title   = {Smart cities survey: Technologies, application domains and challenges for the cities of the future},
  journal = {International Journal of Distributed Sensor Networks},
  volume  = {15},
  number  = {6},
  pages   = {1550147719853984},
  year    = {2019}
}

@article{smartcities8,
  title   = {Moving towards smart cities: Solutions that lead to the Smart City Transformation Framework},
  journal = {Technological Forecasting and Social Change},
  volume  = {153},
  pages   = {119281},
  year    = {2020},
  issn    = {0040-1625},
  doi     = {https://doi.org/10.1016/j.techfore.2018.04.024},
  author  = {Harish Kumar and Manoj Kumar Singh and M.P. Gupta and Jitendra Madaan}
}

@article{smartcities9,
  title     = {The (in) security of smart cities: Vulnerabilities, risks, mitigation, and prevention},
  author    = {Kitchin, Rob and Dodge, Martin},
  journal   = {Journal of Urban Technology},
  volume    = {26},
  number    = {2},
  pages     = {47--65},
  year      = {2019},
  publisher = {Taylor \& Francis}
}

@article{priority1,
  author  = {Besher, Kedir Mamo and Beitelspacher, Sara and Nieto-Hipolito, Juan Ivan and Ali, Mohammed Zamshed},
  journal = {IEEE Sensors Journal},
  title   = {Sensor Initiated Healthcare Packet Priority in Congested IoT Networks},
  year    = {2021},
  volume  = {21},
  number  = {10},
  pages   = {11704-11711},
  doi     = {10.1109/JSEN.2020.3012519}
}

@article{priority2,
  author  = {Daniel G. Costa and Luiz Affonso Guedes and Francisco Vasques and Paulo Portugal},
  title   = {Adaptive Monitoring Relevance in Camera Networks for Critical Surveillance Applications},
  journal = {International Journal of Distributed Sensor Networks},
  volume  = {9},
  number  = {11},
  pages   = {836721},
  year    = {2013},
  doi     = {10.1155/2013/836721}
}

@article{priority3,
  title     = {A two-tier strategy for priority based critical event surveillance with wireless multimedia sensors},
  author    = {Bhatt, Ravindara and Datta, Raja},
  journal   = {Wireless Networks},
  volume    = {22},
  number    = {1},
  pages     = {267--284},
  year      = {2016},
  publisher = {Springer}
}

@inproceedings{priority4,
  author    = {Alam, Kh Mahmudul and Kamruzzaman, Joarder and Karmakar, Gour and Murshed, Manzur},
  booktitle = {2012 21st International Conference on Computer Communications and Networks (ICCCN)},
  title     = {Priority Sensitive Event Detection in Hybrid Wireless Sensor Networks},
  year      = {2012},
  volume    = {},
  number    = {},
  pages     = {1-7},
  doi       = {10.1109/ICCCN.2012.6289220}
}

@article{smartcycling,
  author         = {Oliveira, Franklin and Nery, Dilan and Costa, Daniel G. and Silva, Ivanovitch and Lima, Luciana},
  title          = {A Survey of Technologies and Recent Developments for Sustainable Smart Cycling},
  journal        = {Sustainability},
  volume         = {13},
  year           = {2021},
  number         = {6},
  article-number = {3422},
  issn           = {2071-1050},
  doi            = {10.3390/su13063422}
}

@article{emergencyNetworks1,
  author  = {F. {Pervez} and J. {Qadir} and M. {Khalil} and T. {Yaqoob} and U. {Ashraf} and S. {Younis}},
  journal = {IEEE Access},
  title   = {Wireless Technologies for Emergency Response: A Comprehensive Review and Some Guidelines},
  year    = {2018},
  volume  = {6},
  number  = {},
  pages   = {71814-71838},
  doi     = {10.1109/ACCESS.2018.2878898},
  issn    = {2169-3536},
  month   = {}
}

@article{emergencyNetworks2,
  author  = {L. {Chen} and J. {Cheng} and Y. {Tseng}},
  journal = {IEEE Transactions on Parallel and Distributed Systems},
  title   = {Distributed Emergency Guiding with Evacuation Time Optimization Based on Wireless Sensor Networks},
  year    = {2016},
  volume  = {27},
  number  = {2},
  pages   = {419-427},
  issn    = {1045-9219},
  month   = {Feb}
}

@article{carpollution,
  author         = {Silva, Marianne and Signoretti, Gabriel and Oliveira, Julio and Silva, Ivanovitch and Costa, Daniel G.},
  title          = {A Crowdsensing Platform for Monitoring of Vehicular Emissions: A Smart City Perspective},
  journal        = {Future Internet},
  volume         = {11},
  year           = {2019},
  number         = {1},
  article-number = {13},
  issn           = {1999-5903}
}

@article{covidsmartcities1,
  title     = {COVID-19 pandemic: a review of smart cities initiatives to face new outbreaks},
  author    = {Costa, Daniel G and Peixoto, Jo{\~a}o Paulo J},
  journal   = {IET Smart Cities},
  volume    = {2},
  number    = {2},
  pages     = {64--73},
  year      = {2020},
  publisher = {IET}
}

@article{covidsmartcities2,
  title     = {Smart solution for reducing the COVID-19 risk using smart city technology},
  author    = {Jaiswal, Rahul and Agarwal, Anshul and Negi, Richa},
  journal   = {IET Smart Cities},
  volume    = {2},
  number    = {2},
  pages     = {82--88},
  year      = {2020},
  publisher = {IET}
}

@article{covidsmartcities3,
  title     = {Smart cities and a data-driven response to COVID-19},
  author    = {James, Philip and Das, Ronnie and Jalosinska, Agata and Smith, Luke},
  journal   = {Dialogues in Human Geography},
  volume    = {10},
  number    = {2},
  pages     = {255--259},
  year      = {2020},
  publisher = {SAGE Publications Sage UK: London, England}
}

@article{covidsmartcities4,
  title     = {Automated processing of thermal imaging to detect COVID-19},
  author    = {Brzezinski, Rafael Y and Rabin, Neta and Lewis, Nir and Peled, Racheli and Kerpel, Ariel and Tsur, Avishai M and Gendelman, Omer and Naftali-Shani, Nili and Gringauz, Irina and Amital, Howard and others},
  journal   = {Scientific Reports},
  volume    = {11},
  number    = {1},
  pages     = {1--10},
  year      = {2021},
  publisher = {Nature Publishing Group}
}

@article{covidsmartcities5,
  title     = {Public transport planning adaption under the COVID-19 pandemic crisis: literature review of research needs and directions},
  author    = {Gkiotsalitis, Konstantinos and Cats, Oded},
  journal   = {Transport Reviews},
  volume    = {41},
  number    = {3},
  pages     = {374--392},
  year      = {2021},
  publisher = {Taylor \& Francis}
}

@article{covidsmartcities6,
  title     = {Future smart connected communities to fight covid-19 outbreak},
  author    = {Gupta, Deepti and Bhatt, Smriti and Gupta, Maanak and Tosun, Ali Saman},
  journal   = {Internet of Things},
  volume    = {13},
  pages     = {100342},
  year      = {2021},
  publisher = {Elsevier}
}

@article{citiesdata,
  title   = {Leveraging Deep Learning and IoT big data analytics to support the smart cities development: Review and future directions},
  journal = {Computer Science Review},
  volume  = {38},
  pages   = {100303},
  year    = {2020},
  issn    = {1574-0137},
  doi     = {https://doi.org/10.1016/j.cosrev.2020.100303},
  author  = {Safa Ben Atitallah and Maha Driss and Wadii Boulila and Henda Ben Gh{\'{e}}zala}
}

@article{citiesvehicles,
  title   = {A traffic data clustering framework based on fog computing for VANETs},
  journal = {Vehicular Communications},
  volume  = {31},
  pages   = {100370},
  year    = {2021},
  issn    = {2214-2096},
  doi     = {https://doi.org/10.1016/j.vehcom.2021.100370},
  author  = {M.L.M. Peixoto and A.H.O. Maia and E. Mota and E. Rangel and D.G. Costa and D. Turgut and L.A. Villas}
}

@article{citiesvehicles2,
  author  = {Wang, Xiao and Zheng, Xinhu and Zhang, Qingpeng and Wang, Tao and Shen, Dayong},
  journal = {IEEE Transactions on Intelligent Transportation Systems},
  title   = {Crowdsourcing in ITS: The State of the Work and the Networking},
  year    = {2016},
  volume  = {17},
  number  = {6},
  pages   = {1596-1605},
  doi     = {10.1109/TITS.2015.2513086}
}

@inproceedings{citiesvehicles3,
  author    = {Raja, Gunasekaran and Dhanasekaran, Priyanka and Anbalagan, Sudha and Ganapathisubramaniyan, Aishwarya and Bashir, Ali Kashif},
  booktitle = {IEEE INFOCOM 2020 - IEEE Conference on Computer Communications Workshops (INFOCOM WKSHPS)},
  title     = {SDN-enabled Traffic Alert System for IoV in Smart Cities},
  year      = {2020},
  volume    = {},
  number    = {},
  pages     = {1093-1098},
  doi       = {10.1109/INFOCOMWKSHPS50562.2020.9162888}
}


%%%%%%%%%%%%%%%%%%%%%%%%%%%%%%%%%
%%%%% Crowdsourcing %%%%%%%%%%%%%

@article{crowdsourcing1,
  author  = {Kong, Xiangjie and Liu, Xiaoteng and Jedari, Behrouz and Li, Menglin and Wan, Liangtian and Xia, Feng},
  journal = {IEEE Internet of Things Journal},
  title   = {Mobile Crowdsourcing in Smart Cities: Technologies, Applications, and Future Challenges},
  year    = {2019},
  volume  = {6},
  number  = {5},
  pages   = {8095-8113},
  doi     = {10.1109/JIOT.2019.2921879}
}

@article{crowdsourcing2,
  title   = {The power of crowdsourcing in disaster response operations},
  journal = {International Journal of Disaster Risk Reduction},
  volume  = {20},
  pages   = {123-128},
  year    = {2016},
  issn    = {2212-4209},
  doi     = {https://doi.org/10.1016/j.ijdrr.2016.11.001},
  author  = {Mark T. Riccardi}
}

@inproceedings{crowdsourcing3,
  author    = {Lambrinos, Lambros},
  booktitle = {2015 IEEE International Conference on Communications (ICC)},
  title     = {On combining the Internet of Things with crowdsourcing in managing emergency situations},
  year      = {2015},
  volume    = {},
  number    = {},
  pages     = {598-603},
  doi       = {10.1109/ICC.2015.7248387}
}

@inproceedings{crowdsourcing4,
  author    = {Garc{\'{i}}a, Laura and Parra, Lorena and Taha, Miran and Lloret, Jaime},
  booktitle = {2018 International Conference on Advances in Computing, Communications and Informatics (ICACCI)},
  title     = {System for Detection of Emergency Situations in Smart City Environments Employing Smartphones},
  year      = {2018},
  volume    = {},
  number    = {},
  pages     = {266-272},
  doi       = {10.1109/ICACCI.2018.8554654}
}

@inproceedings{crowdsourcing5,
  author    = {Durga, S. and Surya, S. and Daniel, Esther},
  booktitle = {2018 2nd International Conference on Trends in Electronics and Informatics (ICOEI)},
  title     = {SmartMobiCam: Towards a New Paradigm for Leveraging Smartphone Cameras and IaaS Cloud for Smart City Video Surveillance},
  year      = {2018},
  volume    = {},
  number    = {},
  pages     = {1035-1038},
  doi       = {10.1109/ICOEI.2018.8553974}
}

@article{crowdsourcing6,
  author         = {Alvear, Oscar and Calafate, Carlos T. and Cano, Juan-Carlos and Manzoni, Pietro},
  title          = {Crowdsensing in Smart Cities: Overview, Platforms, and Environment Sensing Issues},
  journal        = {Sensors},
  volume         = {18},
  year           = {2018},
  number         = {2},
  article-number = {460},
  issn           = {1424-8220},
  doi            = {10.3390/s18020460}
}

@inproceedings{crowdsourcing7,
  author    = {Raad, Eliana J. and Chbeir, Richard},
  booktitle = {2014 IEEE Fourth International Conference on Big Data and Cloud Computing},
  title     = {Foto2Events: From Photos to Event Discovery and Linking in Online Social Networks},
  year      = {2014},
  volume    = {},
  number    = {},
  pages     = {508-515},
  doi       = {10.1109/BDCloud.2014.76}
}


@inproceedings{wearable1,
  author    = {Said, Sherif and AlKork, Samer and Beyrouthy, Taha and Abdrabbo, M Fayek},
  booktitle = {2017 2nd International Conference on Bio-engineering for Smart Technologies (BioSMART)},
  title     = {Wearable bio-sensors bracelet for driveras health emergency detection},
  year      = {2017},
  volume    = {},
  number    = {},
  pages     = {1-4},
  doi       = {10.1109/BIOSMART.2017.8095335}
}

@article{wearable2,
  author         = {Stavropoulos, Thanos G. and Papastergiou, Asterios and Mpaltadoros, Lampros and Nikolopoulos, Spiros and Kompatsiaris, Ioannis},
  title          = {IoT Wearable Sensors and Devices in Elderly Care: A Literature Review},
  journal        = {Sensors},
  volume         = {20},
  year           = {2020},
  number         = {10},
  article-number = {2826},
  issn           = {1424-8220},
  doi            = {10.3390/s20102826}
}

@article{sensorsprecision1,
  title     = {Weight-aware sensor deployment in wireless sensor networks for smart cities},
  author    = {Xie, Mingshan and Bai, Yong and Hu, Zhuhua and Shen, Chong},
  journal   = {Wireless Communications and Mobile Computing},
  volume    = {2018},
  year      = {2018},
  publisher = {Hindawi}
}


@article{cameraThreshold1,
  author         = {Perpetuini, David and Filippini, Chiara and Cardone, Daniela and Merla, Arcangelo},
  title          = {An Overview of Thermal Infrared Imaging-Based Screenings during Pandemic Emergencies},
  journal        = {International Journal of Environmental Research and Public Health},
  volume         = {18},
  year           = {2021},
  number         = {6},
  article-number = {3286},
  pubmedid       = {33810086},
  issn           = {1660-4601},
  doi            = {10.3390/ijerph18063286}
}

@article{cameraThreshold2,
  author         = {Zhang, Rui and Li, Heng and Duan, Kaifeng and You, Shucheng and Liu, Ke and Wang, Futao and Hu, Yong},
  title          = {Automatic Detection of Earthquake-Damaged Buildings by Integrating UAV Oblique Photography and Infrared Thermal Imaging},
  journal        = {Remote Sensing},
  volume         = {12},
  year           = {2020},
  number         = {16},
  article-number = {2621},
  issn           = {2072-4292},
  doi            = {10.3390/rs12162621}
}






%%%%%%%%%%%%%%%%%%%%%%%%%%%%%%%%%%
%%%% Emergencies %%%%%%%%%%%%%%%%

@article{PlatformsSC,
  author  = {Costa, Daniel and Cristian Duran-Faundez},
  title   = {Open-source electronics platforms as enabling technologies for smart cities: Recent developments and perspectives},
  journal = {Electronics},
  volume  = {7},
  number  = {12},
  pages   = {404},
  year    = {2018}
}

@article{civilengineering1,
  title     = {Adaptive and cost-effective collection of high-quality data for critical infrastructure and emergency management in smart cities—Framework and challenges},
  author    = {Bertino, Elisa and Jahanshahi, Mohammad R},
  journal   = {Journal of Data and Information Quality (JDIQ)},
  volume    = {10},
  number    = {1},
  pages     = {1--6},
  year      = {2018},
  publisher = {ACM New York, NY, USA}
}

@article{civilengineering2,
  title     = {A collaborative GIS framework to support equipment distribution for civil engineering disaster response operations},
  author    = {Chen, Albert Y and Pe{\~n}a-Mora, Feniosky and Ouyang, Yanfeng},
  journal   = {Automation in Construction},
  volume    = {20},
  number    = {5},
  pages     = {637--648},
  year      = {2011},
  publisher = {Elsevier}
}

@book{enviroment1,
  title     = {Climate change, disaster risk, and the urban poor: cities building resilience for a changing world},
  author    = {Baker, Judy L},
  year      = {2012},
  publisher = {The World Bank}
}

@article{enviroment2,
  title     = {Climate change and health in cities: impacts of heat and air pollution and potential co-benefits from mitigation and adaptation},
  author    = {Harlan, Sharon L and Ruddell, Darren M},
  journal   = {Current opinion in environmental sustainability},
  volume    = {3},
  number    = {3},
  pages     = {126--134},
  year      = {2011},
  publisher = {Elsevier}
}


@article{enviroment3,
  author         = {Kakderi, Christina and Komninos, Nicos and Panori, Anastasia and Oikonomaki, Eleni},
  title          = {Next City: Learning from Cities during COVID-19 to Tackle Climate Change},
  journal        = {Sustainability},
  volume         = {13},
  year           = {2021},
  number         = {6},
  article-number = {3158},
  issn           = {2071-1050},
  doi            = {10.3390/su13063158}
}

@article{architecture1,
  title   = {Challenges in Creating a Disaster Resilient Built Environment},
  journal = {Procedia Economics and Finance},
  volume  = {18},
  pages   = {736-744},
  year    = {2014},
  note    = {4th International Conference on Building Resilience, Incorporating the 3rd Annual Conference of the ANDROID Disaster Resilience Network, 8th – 11th September 2014, Salford Quays, United Kingdom},
  issn    = {2212-5671},
  doi     = {https://doi.org/10.1016/S2212-5671(14)00997-6},
  author  = {Chamindi Malalgoda and Dilanthi Amaratunga and Richard Haigh}
}

@incollection{architecture2,
  title     = {Building policies, plans, and cities to manage extreme weather events: Perspectives from urban planning and landscape architecture},
  author    = {Hamstead, Zo{\'e} and Coseo, Paul},
  booktitle = {Transforming Global Health},
  pages     = {261--283},
  year      = {2020},
  publisher = {Springer}
}

@article{economics1,
  title   = {The economic impact of hurricane katrina on its victims: evidence from individual tax returns},
  author  = {Deryugina, Tatyana and Kawano, Laura and Levitt, Steven},
  journal = {American Economic Journal: Applied Economics},
  volume  = {10},
  number  = {2},
  pages   = {202--33},
  year    = {2018}
}

@article{economics2,
  title     = {The impact of the Tohoku earthquake and tsunami on social capital in Japan: Trust before and after the disaster},
  author    = {Veszteg, R{\'o}bert Ferenc and Funaki, Yukihiko and Tanaka, Aiji},
  journal   = {International Political Science Review},
  volume    = {36},
  number    = {2},
  pages     = {119--138},
  year      = {2015},
  publisher = {Sage Publications Sage UK: London, England}
}

@article{sociology1,
  title   = {Understanding community-led resilience: the Jakarta floods experience},
  author  = {Rahmayati, Yenny and Parnell, Matthew and Himmayani, Vivien},
  journal = {Australian Journal of Emergency Management, The},
  volume  = {32},
  number  = {4},
  pages   = {58--66},
  year    = {2017}
}

@article{sociology2,
  title   = {Hurricane Katrina: Exploring justice and fairness as a sociology of common good(s)},
  journal = {Critical Perspectives on Accounting},
  volume  = {67-68},
  pages   = {102022},
  year    = {2020},
  note    = {SI: Common Good and Public Interest},
  issn    = {1045-2354},
  doi     = {https://doi.org/10.1016/j.cpa.2017.11.002},
  author  = {Stephanie Perkiss and Lee Moerman}
}

@article{firetemporaldata1,
  title     = {Fire statistics and risk analysis in wooden building structures in Serbia},
  author    = {Laban, Mirjana and Milanko, Verica and Ko{\v{c}}etov Mi{\v{s}}uli{\'c}, Tatjana and Dragani{\'c}, Suzana},
  journal   = {International Wood Products Journal},
  volume    = {8},
  number    = {2},
  pages     = {62--70},
  year      = {2017},
  publisher = {Taylor \& Francis}
}

@inproceedings{hurricanetemporal1,
  author    = {Kim, Sookyung and Kim, Hyojin and Lee, Joonseok and Yoon, Sangwoong and Kahou, Samira Ebrahimi and Kashinath, Karthik and Prabhat, Mr},
  booktitle = {2019 IEEE Winter Conference on Applications of Computer Vision (WACV)},
  title     = {Deep-Hurricane-Tracker: Tracking and Forecasting Extreme Climate Events},
  year      = {2019},
  volume    = {},
  number    = {},
  pages     = {1761-1769},
  doi       = {10.1109/WACV.2019.00192}
}

@article{crimetemporal1,
  title     = {A time for crime: The temporal variation of crime in Tshwane, South Africa},
  author    = {Breetzke, Gregory},
  journal   = {Acta Criminologica: African Journal of Criminology \& Victimology},
  volume    = {28},
  number    = {3},
  pages     = {1--15},
  year      = {2015},
  publisher = {Criminological and Victimological Society of Southern Africa (CRIMSA)}
}


@article{lisbon,
  title     = {Better disaster statistics: the Lisbon earthquake},
  author    = {Aguirre, Benigno E},
  journal   = {Journal of Interdisciplinary History},
  volume    = {43},
  number    = {1},
  pages     = {27--42},
  year      = {2012},
  publisher = {MIT Press}
}

@book{fireevolution,
  title     = {Eating smoke: Fire in urban America, 1800--1950},
  author    = {Tebeau, Mark},
  year      = {2012},
  publisher = {JHU Press}
}

@article{firespatial1,
  title     = {Survey results of combustible contents and floor areas in Canadian multi-family dwellings},
  author    = {Bwalya, Alex and Lougheed, Gary and Kashef, Ahmed and Saber, Hamed},
  journal   = {Fire technology},
  volume    = {47},
  number    = {4},
  pages     = {1121--1140},
  year      = {2011},
  publisher = {Springer}
}

@article{firespatial2,
  title   = {Development and validation of a physics-based urban fire spread model},
  journal = {Fire Safety Journal},
  volume  = {43},
  number  = {7},
  pages   = {477-494},
  year    = {2008},
  issn    = {0379-7112},
  doi     = {https://doi.org/10.1016/j.firesaf.2007.12.008},
  author  = {Keisuke Himoto and Takeyoshi Tanaka}
}

@article{firespatial3,
  title   = {Approach to Fire-related Disaster Management in High Density Urban-area},
  journal = {Procedia Engineering},
  volume  = {77},
  pages   = {61-69},
  year    = {2014},
  note    = {Fourth International Symposium on Infrastructure Engineering in Developing Countries, IEDC 2013},
  issn    = {1877-7058},
  doi     = {https://doi.org/10.1016/j.proeng.2014.07.007},
  author  = {Muhammad Azeem Abdul Waheed}
}

@inproceedings{bikesensor,
  author    = {Oliveira, Franklin and Costa, Daniel G. and Dias, Anfranserai},
  booktitle = {2020 IEEE International Smart Cities Conference (ISC2)},
  title     = {A Multi-Tier Sensors-based Environmental Monitoring Approach to Assess the Quality of Bike Paths in Urban Areas},
  year      = {2020},
  volume    = {},
  number    = {},
  pages     = {1-4},
  doi       = {10.1109/ISC251055.2020.9239071}
}


@article{mobilityEmergencies1,
  title     = {Patterns and limitations of urban human mobility resilience under the influence of multiple types of natural disaster},
  author    = {Wang, Qi and Taylor, John E},
  journal   = {PLoS one},
  volume    = {11},
  number    = {1},
  pages     = {e0147299},
  year      = {2016},
  publisher = {Public Library of Science San Francisco, CA USA}
}

@article{emergenciesmetric1,
  title   = {The Resilience to Emergencies and Disasters Index: Applying big data to benchmark and validate neighborhood resilience capacity},
  journal = {Sustainable Cities and Society},
  volume  = {36},
  pages   = {272-285},
  year    = {2018},
  issn    = {2210-6707},
  doi     = {https://doi.org/10.1016/j.scs.2017.10.025},
  author  = {Constantine E. Kontokosta and Awais Malik}
}

@article{emergenciesmetric2,
  author  = {Costa, Daniel G and Vasques, Francisco and Portugal, Paulo and Aguiar, Ana},
  title   = {A distributed multi-tier emergency alerting system exploiting sensors-based event detection to support smart city applications},
  journal = {Sensors},
  year    = {2020},
  volume  = {20},
  number  = {1},
  pages   = {170}
}

@article{emergenciesmetric3,
  author         = {Costa, Daniel G. and Vasques, Francisco and Portugal, Paulo and Aguiar, Ana},
  title          = {On the Use of Cameras for the Detection of Critical Events in Sensors-Based Emergency Alerting Systems},
  journal        = {Journal of Sensor and Actuator Networks},
  volume         = {9},
  year           = {2020},
  number         = {4},
  article-number = {46},
  issn           = {2224-2708},
  doi            = {10.3390/jsan9040046}
}

@article{emergenciesmetric4,
  title     = {A framework for detecting unfolding emergencies using humans as sensors},
  author    = {Avvenuti, Marco and Cimino, Mario GCA and Cresci, Stefano and Marchetti, Andrea and Tesconi, Maurizio},
  journal   = {SpringerPlus},
  volume    = {5},
  number    = {1},
  pages     = {1--23},
  year      = {2016},
  publisher = {SpringerOpen}
}

@article{emergenciesmetric5,
  author         = {Fedele, Rosario and Merenda, Massimo},
  title          = {An IoT System for Social Distancing and Emergency Management in Smart Cities Using Multi-Sensor Data},
  journal        = {Algorithms},
  volume         = {13},
  year           = {2020},
  number         = {10},
  article-number = {254},
  issn           = {1999-4893},
  doi            = {10.3390/a13100254}
}

@article{emergenciesmetric6,
  title   = {Semantic framework of event detection in emergency situations for smart buildings},
  journal = {Digital Communications and Networks},
  year    = {2021},
  issn    = {2352-8648},
  doi     = {https://doi.org/10.1016/j.dcan.2021.06.005},
  author  = {Yudith Cardinale and Gabriel Freites and Edgar Valderrama and Ana Aguilera and Chinnapong Angsuchotmetee}
}

@incollection{emergenciestimemedia,
  title     = {Emergency-related, social network time series: description and analysis},
  author    = {Teodorescu, Horia-Nicolai},
  booktitle = {Time Series Analysis and Forecasting},
  pages     = {205--215},
  year      = {2016},
  publisher = {Springer}
}

@article{citiesemergencies1,
  title   = {Disaster and emergency management systems in urban areas},
  journal = {Cities},
  volume  = {29},
  pages   = {S41-S49},
  year    = {2012},
  note    = {Current Research on Cities},
  issn    = {0264-2751},
  doi     = {https://doi.org/10.1016/j.cities.2011.11.009},
  author  = {Naim Kapucu}
}

@article{citiesdisasters1,
  title   = {Disruptive technologies as a solution for disaster risk management: A review},
  journal = {Science of The Total Environment},
  volume  = {806},
  pages   = {151351},
  year    = {2022},
  issn    = {0048-9697},
  doi     = {https://doi.org/10.1016/j.scitotenv.2021.151351},
  author  = {Hafiz Suliman Munawar and Mohammad Mojtahedi and Ahmed W.A. Hammad and Abbas Kouzani and M.A. Parvez Mahmud}
}

@article{citiesdisasters2,
  title   = {A model for evacuation risk assessment with consideration of pre- and post-disaster factors},
  journal = {Computers, Environment and Urban Systems},
  volume  = {36},
  number  = {3},
  pages   = {207-217},
  year    = {2012},
  issn    = {0198-9715},
  doi     = {https://doi.org/10.1016/j.compenvurbsys.2011.11.002},
  author  = {Xiang Chen and Mei-Po Kwan and Qiang Li and Jin Chen}
}

@article{citiesdisasters3,
  title   = {Estimating the needs for temporary accommodation units to improve pre-disaster urban planning in seismic risk cities},
  journal = {Sustainable Cities and Society},
  volume  = {61},
  pages   = {102276},
  year    = {2020},
  issn    = {2210-6707},
  doi     = {https://doi.org/10.1016/j.scs.2020.102276},
  author  = {Daniel F{'{e}}lix and Daniel Monteiro and Artur Feio}
}

@article{citiesdisasters4,
  title   = {Crisis information to support spatial planning in post disaster recovery},
  journal = {International Journal of Disaster Risk Reduction},
  volume  = {22},
  pages   = {46-61},
  year    = {2017},
  issn    = {2212-4209},
  doi     = {https://doi.org/10.1016/j.ijdrr.2017.02.007},
  author  = {Ouejdane Mejri and Scira Menoni and Kyla Matias and Negar Aminoltaheri}
}


@article{citiesdisasters5,
  author         = {Jeleński, Tomasz},
  title          = {Practices of Built Heritage Post-Disaster Reconstruction for Resilient Cities},
  journal        = {Buildings},
  volume         = {8},
  year           = {2018},
  number         = {4},
  article-number = {53},
  issn           = {2075-5309},
  doi            = {10.3390/buildings8040053}
}

@article{citiesdisasters6,
  title     = {Emergency logistics planning in natural disasters},
  author    = {{\"O}zdamar, Linet and Ekinci, Ediz and K{\"u}{\c{c}}{\"u}kyazici, Beste},
  journal   = {Annals of operations research},
  volume    = {129},
  number    = {1},
  pages     = {217--245},
  year      = {2004},
  publisher = {Springer}
}

%%%%%%%%%%%%%%%%%%%%%%%%%%%%%%%%
%%%%%%%%% Hazard %%%%%%%%%%%%%%%

@inbook{hazard1,
  author    = {Lindell, Michael},
  title     = {North American Cities at Risk: Household Responses to Environmental Hazards},
  booktitle = {Cities at Risk: Living with Perils in the 21st Century},
  year      = {2013},
  publisher = {Springer Netherlands},
  address   = {Dordrecht},
  pages     = {109--130},
  isbn      = {978-94-007-6184-1}
}

@inbook{hazard2,
  author    = {Gasparini, Paolo
               and Di Ruocco, Angela
               and Russo, Raffaella},
  title     = {Natural Hazards Impacting on Future Cities},
  booktitle = {Resilience and Sustainability in Relation to Natural Disasters: A Challenge for Future Cities},
  year      = {2014},
  publisher = {Springer International Publishing},
  address   = {Cham},
  pages     = {67--76},
  isbn      = {978-3-319-04316-6}
}

@article{hazard3,
  title     = {A flood vulnerability index for coastal cities and its use in assessing climate change impacts},
  author    = {Balica, Stefania F and Wright, Nigel George and Van der Meulen, Frank},
  journal   = {Natural hazards},
  volume    = {64},
  number    = {1},
  pages     = {73--105},
  year      = {2012},
  publisher = {Springer}
}

@article{hazard4,
  title     = {Urban hazard mitigation: creating resilient cities},
  author    = {Godschalk, David R},
  journal   = {Natural hazards review},
  volume    = {4},
  number    = {3},
  pages     = {136--143},
  year      = {2003},
  publisher = {American Society of Civil Engineers}
}

@article{tsunami1,
  author         = {Koshimura, Shunichi and Moya, Luis and Mas, Erick and Bai, Yanbing},
  title          = {Tsunami Damage Detection with Remote Sensing: A Review},
  journal        = {Geosciences},
  volume         = {10},
  year           = {2020},
  number         = {5},
  article-number = {177},
  issn           = {2076-3263},
  doi            = {10.3390/geosciences10050177}
}


@article{iotFlood1,
  author         = {Teixid{\'o}, Pedro and G{\'o}mez-Gal{\'a}n, Juan Antonio and G{\'o}mez-Bravo, Fernando and S{\'a}nchez-Rodr{\'i}guez, Trinidad and Alcina, Javier and Aponte, Juan},
  title          = {Low-Power Low-Cost Wireless Flood Sensor for Smart Home Systems},
  journal        = {Sensors},
  volume         = {18},
  year           = {2018},
  number         = {11},
  article-number = {3817},
  issn           = {1424-8220},
  doi            = {10.3390/s18113817}
}

@inproceedings{iotFlood2,
  title        = {Water level monitoring and management of dams using IoT},
  author       = {Siddula, Sai Sreekar and Babu, Phaneendra and Jain, PC},
  booktitle    = {2018 3rd International Conference on Internet of Things: Smart Innovation and Usages (IoT-SIU)},
  pages        = {1--5},
  year         = {2018},
  organization = {IEEE}
}

@article{iotFire1,
  author         = {Saeed, Faisal and Paul, Anand and Rehman, Abdul and Hong, Won Hwa and Seo, Hyuncheol},
  title          = {IoT-Based Intelligent Modeling of Smart Home Environment for Fire Prevention and Safety},
  journal        = {Journal of Sensor and Actuator Networks},
  volume         = {7},
  year           = {2018},
  number         = {1},
  article-number = {11},
  issn           = {2224-2708},
  doi            = {10.3390/jsan7010011}
}

@article{iotFire2,
  title     = {Fire risk assessment and daily maintenance management of cultural relic buildings based on ZigBee technology},
  author    = {Guan, Yu-xi and Fang, Zheng and Wang, Tian-ran},
  journal   = {Procedia engineering},
  volume    = {211},
  pages     = {192--198},
  year      = {2018},
  publisher = {Elsevier}
}

@article{iotFire3,
  author         = {Singh, Rajesh and Birajdar, Gajanand S. and Rashid, Mamoon and Gehlot, Anita and Akram, Shaik Vaseem and AlGhamdi, Ahmed Saeed and Alshamrani, Sultan S.},
  title          = {Hybrid Architectural Network Implementation to Realize a Fire Evacuation Path with 2.4 GHz Zigbee and LoRa},
  journal        = {Sustainability},
  volume         = {13},
  year           = {2021},
  number         = {23},
  article-number = {13238},
  issn           = {2071-1050},
  doi            = {10.3390/su132313238}
}

@inproceedings{iotFire4,
  author    = {Kodali, Ravi Kishore and Yerroju, Subbachary},
  booktitle = {2017 3rd International Conference on Applied and Theoretical Computing and Communication Technology (iCATccT)},
  title     = {IoT based smart emergency response system for fire hazards},
  year      = {2017},
  volume    = {},
  number    = {},
  pages     = {194-199},
  doi       = {10.1109/ICATCCT.2017.8389132}
}

@inproceedings{iotFire5,
  author    = {Zualkernan, Imran A. and Aloul, Fadi A. and Sakkia, Vikram and Noman, Hassan Al and Sowdagar, Salman and Hammadi, Omar Al},
  booktitle = {2019 IEEE International Conference on Internet of Things and Intelligence System (IoTaIS)},
  title     = {An IoT-based Emergency Evacuation System},
  year      = {2019},
  volume    = {},
  number    = {},
  pages     = {62-66},
  doi       = {10.1109/IoTaIS47347.2019.8980381}
}


@article{iotBike1,
  author  = {Oliveira, Franklin and Costa, Daniel G. and Lima, Luciana and Silva, Ivanovitch},
  title   = {iBikeSafe: A Multi-Parameter System for Monitoring, Evaluation and Visualization of Cycling Paths in Smart Cities Targeted at Cycling Adverse Conditions},
  journal = {Smart Cities},
  volume  = {4},
  year    = {2021},
  number  = {3},
  pages   = {1058--1086},
  issn    = {2624-6511},
  doi     = {10.3390/smartcities4030056}
}


@article{iotPollution1,
  author  = {S. {Dhingra} and R. B. {Madda} and A. H. {Gandomi} and R. {Patan} and M. {Daneshmand}},
  journal = {IEEE Internet of Things Journal},
  title   = {Internet of Things Mobile-Air Pollution Monitoring System (IoT-Mobair)},
  year    = {2019},
  volume  = {6},
  number  = {3},
  pages   = {5577-5584},
  doi     = {10.1109/JIOT.2019.2903821},
  issn    = {2327-4662},
  month   = {6}
}

@article{iotRain1,
  author  = {Zhaozhuo Xu and Fangling Pu and Xin Fang and Jing Fu1},
  journal = {Journal of Sensors},
  title   = {Raspberry Pi Based Intelligent Wireless Sensor Node for Localized Torrential Rain Monitoring},
  year    = {2016},
  volume  = {2016},
  number  = {Article ID 4178079},
  pages   = {11 pages}
}

@inproceedings{iotRain2,
  author    = {Saini, Hardeep and Thakur, Abhishek and Ahuja, Satinderpar and Sabharwal, Nitant and Kumar, Naveen},
  booktitle = {2016 3rd International Conference on Signal Processing and Integrated Networks (SPIN)},
  title     = {Arduino based automatic wireless weather station with remote graphical application and alerts},
  year      = {2016},
  volume    = {},
  number    = {},
  pages     = {605-609},
  doi       = {10.1109/SPIN.2016.7566768}
}


@inproceedings{iotAudio1,
  author    = {Morehead, Alex and Ogden, Lauren and Magee, Gabe and Hosler, Ryan and White, Bruce and Mohler, George},
  booktitle = {2019 IEEE International Conference on Big Data (Big Data)},
  title     = {Low Cost Gunshot Detection using Deep Learning on the Raspberry Pi},
  year      = {2019},
  volume    = {},
  number    = {},
  pages     = {3038-3044},
  doi       = {10.1109/BigData47090.2019.9006456}
}


@article{iotAudio2,
  title     = {Hybrid system for automatic detection of gunshots in indoor environment},
  author    = {Rahman, Sami Ur and Khan, Adnan and Abbas, Sohail and Alam, Fakhre and Rashid, Nasir},
  journal   = {Multimedia Tools and Applications},
  volume    = {80},
  number    = {3},
  pages     = {4143--4153},
  year      = {2021},
  publisher = {Springer}
}

@inproceedings{iotAudio3,
  author    = {Nguyen, Quang and Yun, Sang-Seok and Choi, JongSuk},
  booktitle = {2016 13th International Conference on Ubiquitous Robots and Ambient Intelligence (URAI)},
  title     = {Detection of audio-based emergency situations using perception sensor network},
  year      = {2016},
  volume    = {},
  number    = {},
  pages     = {763-766},
  doi       = {10.1109/URAI.2016.7734109}
}


@article{iotAudio4,
  author         = {Rituerto-Gonz{\'{a}}lez, Esther and M{\'{i}}nguez-S{\'{a}}nchez, Alba and Gallardo-Antol{\'{i}}n, Ascensi{\'{o}}n and Pel{\'{a}}ez-Moreno, Carmen},
  title          = {Data Augmentation for Speaker Identification under Stress Conditions to Combat Gender-Based Violence},
  journal        = {Applied Sciences},
  volume         = {9},
  year           = {2019},
  number         = {11},
  article-number = {2298},
  issn           = {2076-3417},
  doi            = {10.3390/app9112298}
}

@article{visualdataEmergency1,
  title   = {An integrated fire detection system using IoT and image processing technique for smart cities},
  journal = {Sustainable Cities and Society},
  volume  = {61},
  pages   = {102332},
  year    = {2020},
  issn    = {2210-6707},
  doi     = {https://doi.org/10.1016/j.scs.2020.102332},
  author  = {Amit Sharma and Pradeep Kumar Singh and Yugal Kumar}
}

@article{facerecognition,
  title   = {Raspberry Pi assisted face recognition framework for enhanced law-enforcement services in smart cities},
  journal = {Future Generation Computer Systems},
  volume  = {108},
  pages   = {995-1007},
  year    = {2020},
  issn    = {0167-739X},
  doi     = {https://doi.org/10.1016/j.future.2017.11.013},
  author  = {Muhammad Sajjad and Mansoor Nasir and Khan Muhammad and Siraj Khan and Zahoor Jan and Arun Kumar Sangaiah and Mohamed Elhoseny and Sung Wook Baik}
}

@inproceedings{visualdataEmergency2,
  author    = {Jing, Min and Scotney, Bryan W. and Coleman, Sonya A. and McGinnity, Martin T.},
  booktitle = {2016 11th International Conference on Availability, Reliability and Security (ARES)},
  title     = {The Application of Social Media Image Analysis to an Emergency Management System},
  year      = {2016},
  volume    = {},
  number    = {},
  pages     = {805-810},
  doi       = {10.1109/ARES.2016.24}
}

@article{visualdataEmergency3,
  author   = {Calavia, Lorena and Baladr{\'{o}}n, Carlos and Aguiar, Javier M. and Carro, Bel{\'{e}}n and S{\'{a}}nchez-Esguevillas, Antonio},
  title    = {A Semantic Autonomous Video Surveillance System for Dense Camera Networks in Smart Cities},
  journal  = {Sensors},
  volume   = {12},
  year     = {2012},
  number   = {8},
  pages    = {10407--10429},
  pubmedid = {23112607},
  issn     = {1424-8220},
  doi      = {10.3390/s120810407}
}

@inproceedings{visualdataEmergency4,
  author    = {Jan, Atif and Khan, Gul Muhammad},
  booktitle = {2021 International Conference on Artificial Intelligence (ICAI)},
  title     = {Malicious Activity Detection In Safe City Environment},
  year      = {2021},
  volume    = {},
  number    = {},
  pages     = {170-174},
  doi       = {10.1109/ICAI52203.2021.9445254}
}


@article{visualdataEmergency5,
  author         = {Baba, Marius and Gui, Vasile and Cernazanu, Cosmin and Pescaru, Dan},
  title          = {A Sensor Network Approach for Violence Detection in Smart Cities Using Deep Learning},
  journal        = {Sensors},
  volume         = {19},
  year           = {2019},
  number         = {7},
  article-number = {1676},
  issn           = {1424-8220},
  doi            = {10.3390/s19071676}
}

@article{camerastraffic,
  title   = {Deploying a network of smart cameras for traffic monitoring on a “city kernel”},
  journal = {Expert Systems with Applications},
  volume  = {41},
  number  = {2},
  pages   = {502-507},
  year    = {2014},
  issn    = {0957-4174},
  doi     = {https://doi.org/10.1016/j.eswa.2013.07.076},
  author  = {Luca Calderoni and Dario Maio and Stefano Rovis}
}

@inproceedings{iotRadiation1,
  author    = {Tocchi, Alessandro and Roca, Vincenzo and Angrisani, Leopoldo and Bonavolontà, Francesco and Moriello, Rosario Schiano Lo},
  booktitle = {2017 IEEE International Instrumentation and Measurement Technology Conference (I2MTC)},
  title     = {First step towards an IoT implementation of a wireless sensors network for environmental radiation monitoring},
  year      = {2017},
  volume    = {},
  number    = {},
  pages     = {1-6},
  doi       = {10.1109/I2MTC.2017.7969754}
}



@article{iotLandslide1,
  author         = {Estrela, Vania V. and Saotome, Osamu and Loschi, Hermes J. and Hemanth, Jude and Farfan, Willian S. and Aroma, Jenice and Saravanan, Chandran and Grata, Edwiges G. H.},
  title          = {Emergency Response Cyber-Physical Framework for Landslide Avoidance with Sustainable Electronics †},
  journal        = {Technologies},
  volume         = {6},
  year           = {2018},
  number         = {2},
  article-number = {42},
  issn           = {2227-7080},
  doi            = {10.3390/technologies6020042}
}

@article{evacuation,
  title   = {The simulation of urban-scale evacuation scenarios with application to the Swinley forest fire},
  journal = {Safety Science},
  volume  = {102},
  pages   = {178-193},
  year    = {2018},
  issn    = {0925-7535},
  doi     = {https://doi.org/10.1016/j.ssci.2017.07.015},
  author  = {Anand Veeraswamy and Edwin R. Galea and Lazaros Filippidis and Peter J. Lawrence and Simo Haasanen and Robert J. Gazzard and Thomas E.L. Smith}
}

@inproceedings{iotDetection1,
  author    = {Boukerche, Azzedine and Coutinho, Rodolfo W. L.},
  booktitle = {2018 IEEE Symposium on Computers and Communications (ISCC)},
  title     = {Smart Disaster Detection and Response System for Smart Cities},
  year      = {2018},
  volume    = {},
  number    = {},
  pages     = {01102-01107},
  doi       = {10.1109/ISCC.2018.8538356}
}

@inproceedings{iotDetection2,
  author    = {Ma, Meiyi and Preum, Sarah Masud and Stankovic, John A.},
  title     = {CityGuard: A Watchdog for Safety-Aware Conflict Detection in Smart Cities},
  year      = {2017},
  isbn      = {9781450349666},
  publisher = {Association for Computing Machinery},
  address   = {New York, NY, USA},
  doi       = {10.1145/3054977.3054989},
  booktitle = {Proceedings of the Second International Conference on Internet-of-Things Design and Implementation},
  pages     = {259–270},
  numpages  = {12},
  series    = {IoTDI '17}
}

@article{emergenciesAI1,
  author         = {Rojek, Izabela and Studzinski, Jan},
  title          = {Detection and Localization of Water Leaks in Water Nets Supported by an ICT System with Artificial Intelligence Methods as a Way Forward for Smart Cities},
  journal        = {Sustainability},
  volume         = {11},
  year           = {2019},
  number         = {2},
  article-number = {518},
  issn           = {2071-1050},
  doi            = {10.3390/su11020518}
}

@article{emergenciesgeneral1,
  title   = {A systematic review of prediction methods for emergency management},
  journal = {International Journal of Disaster Risk Reduction},
  volume  = {62},
  pages   = {102412},
  year    = {2021},
  issn    = {2212-4209},
  doi     = {https://doi.org/10.1016/j.ijdrr.2021.102412},
  author  = {Di Huang and Shuaian Wang and Zhiyuan Liu}
}

@article{smartsensing1,
  author  = {Santos, Pedro M. and Rodrigues, Jo{\~a}o G. P. and Cruz, Susana B. and Lourenço, Tiago and d’Orey, Pedro M. and Luis, Yunior and Rocha, Cec{\'{i}}lia and Sousa, Sofia and Cris{\'{o}}stomo, S{\'{e}}rgio and Queir{\'{o}}s, Cristina and Sargento, Susana and Aguiar, Ana and Barros, Jo{\~a}o},
  journal = {IEEE Internet of Things Journal},
  title   = {PortoLivingLab: An IoT-Based Sensing Platform for Smart Cities},
  year    = {2018},
  volume  = {5},
  number  = {2},
  pages   = {523-532},
  doi     = {10.1109/JIOT.2018.2791522}
}

@inproceedings{smartsensing2,
  author    = {Rodrigues, Jo\˜{a}o G. P. and Aguiar, Ana and Queir{\'{o}}s, Cristina},
  booktitle = {2016 IEEE 19th International Conference on Intelligent Transportation Systems (ITSC)},
  title     = {Opportunistic mobile crowdsensing for gathering mobility information: Lessons learned},
  year      = {2016},
  volume    = {},
  number    = {},
  pages     = {1654-1660},
  doi       = {10.1109/ITSC.2016.7795780}
}

@article{smartsensing3,
  author  = {Du, Rong and Santi, Paolo and Xiao, Ming and Vasilakos, Athanasios V. and Fischione, Carlo},
  journal = {IEEE Communications Surveys \& Tutorials},
  title   = {The Sensable City: A Survey on the Deployment and Management for Smart City Monitoring},
  year    = {2019},
  volume  = {21},
  number  = {2},
  pages   = {1533-1560},
  doi     = {10.1109/COMST.2018.2881008}
}


@article{iotCovid1,
  title     = {A three layered decentralized IoT biometric architecture for city lockdown during COVID-19 outbreak},
  author    = {Kolhar, Manjur and Al-Turjman, Fadi and Alameen, Abdalla and Abualhaj, Mosleh M},
  journal   = {IEEE Access},
  volume    = {8},
  pages     = {163608--163617},
  year      = {2020},
  publisher = {IEEE}
}

@article{twitterDetection1,
  title   = {Towards resilient and smart cities: A real-time urban analytical and geo-visual system for social media streaming data},
  journal = {Sustainable Cities and Society},
  volume  = {63},
  pages   = {102448},
  year    = {2020},
  issn    = {2210-6707},
  doi     = {https://doi.org/10.1016/j.scs.2020.102448},
  author  = {Fang Yao and Yan Wang}
}

@article{twitterDetection2,
  author         = {Costa, Daniel G. and Duran-Faundez, Cristian and Andrade, Daniel C. and Rocha-Junior, Jo{\~a}o B. and Just Peixoto, Jo{\~a}o Paulo},
  title          = {TwitterSensing: An Event-Based Approach for Wireless Sensor Networks Optimization Exploiting Social Media in Smart City Applications},
  journal        = {Sensors},
  volume         = {18},
  year           = {2018},
  number         = {4},
  article-number = {1080},
  issn           = {1424-8220},
  doi            = {10.3390/s18041080}
}

@inproceedings{twitterDetection3,
  title        = {Discovering, Classification, and Localization of Emergency Events via Analyzing of Social Network Text Streams},
  author       = {Deviatkin, Dmitriy and Shelmanov, Artem and Larionov, Daniil},
  booktitle    = {International Conference on Data Analytics and Management in Data Intensive Domains},
  pages        = {180--196},
  year         = {2018},
  organization = {Springer}
}

@article{twitter1,
  title   = {Sentiment analysis system adaptation for multilingual processing: The case of tweets},
  journal = {Information Processing \& Management},
  volume  = {51},
  number  = {4},
  pages   = {547-556},
  year    = {2015},
  issn    = {0306-4573},
  doi     = {https://doi.org/10.1016/j.ipm.2014.10.004},
  author  = {Alexandra Balahur and Jos{\'{e}} M. Perea-Ortega}
}

@article{twitter2,
  title     = {Harnessing tweets for early detection of an acute disease event},
  author    = {Joshi, Aditya and Sparks, Ross and McHugh, James and Karimi, Sarvnaz and Paris, Cecile and MacIntyre, C Raina},
  journal   = {Epidemiology (Cambridge, Mass.)},
  volume    = {31},
  number    = {1},
  pages     = {90},
  year      = {2020},
  publisher = {Wolters Kluwer Health}
}

@inproceedings{twitter3,
  author    = {Ram{\'i}rez-Garc{\'i}a, Jorge
               and Ibarra-Orozco, Rodolfo E.
               and Arg{\"u}elles Cruz, Amadeo J.},
  editor    = {Mart{\'i}nez-Villase{\~{n}}or, Lourdes
               and Herrera-Alc{\'a}ntara, Oscar
               and Ponce, Hiram
               and Castro-Espinoza, F{\'e}lix A.},
  title     = {Tweets Monitoring for Real-Time Emergency Events Detection in Smart Campus},
  booktitle = {Advances in Computational Intelligence},
  year      = {2020},
  publisher = {Springer International Publishing},
  address   = {Cham},
  pages     = {205--213}
}

@inproceedings{twitter4,
  author    = {Goh, Gary and Koh, Jing Yu and Zhang, Yue},
  booktitle = {2018 IEEE International Conference on Data Mining Workshops (ICDMW)},
  title     = {Twitter-Informed Crowd Flow Prediction},
  year      = {2018},
  volume    = {},
  number    = {},
  pages     = {624-631},
  doi       = {10.1109/ICDMW.2018.00097}
}


@article{iotEarthquake1,
  title   = {Event alert and detection in smart cities using anomaly information from remote sensing earthquake data},
  journal = {Computer Communications},
  volume  = {153},
  pages   = {397-405},
  year    = {2020},
  issn    = {0140-3664},
  doi     = {https://doi.org/10.1016/j.comcom.2020.02.023},
  author  = {Lan Liu and Cheng-fan Li and Xian-kun Sun and Jun-juan Zhao}
}

@article{iotEarthquake2,
  author         = {Lee, Jangsoo and Khan, Irshad and Choi, Seonhwa and Kwon, Young-Woo},
  title          = {A Smart IoT Device for Detecting and Responding to Earthquakes},
  journal        = {Electronics},
  volume         = {8},
  year           = {2019},
  number         = {12},
  article-number = {1546},
  issn           = {2079-9292},
  doi            = {10.3390/electronics8121546}
}

@article{iotEarthquake3,
  title   = {Technologies of Internet of Things applied to an Earthquake Early Warning System},
  journal = {Future Generation Computer Systems},
  volume  = {75},
  pages   = {206-215},
  year    = {2017},
  issn    = {0167-739X},
  doi     = {https://doi.org/10.1016/j.future.2016.10.009},
  author  = {A.M. Zambrano and I. Perez and C. Palau and M. Esteve}
}

@article{iotEarthquake4,
  title     = {The MyShake platform: a global vision for earthquake early warning},
  author    = {Allen, Richard M and Kong, Qingkai and Martin-Short, Robert},
  journal   = {Pure and Applied Geophysics},
  volume    = {177},
  number    = {4},
  pages     = {1699--1712},
  year      = {2020},
  publisher = {Springer}
}

@article{emergencyTraffic1,
  author  = {Fogu{\'{e}}, Manuel and Garrido, Piedad and Martinez, Francisco J. and Cano, Juan-Carlos and Calafate, Carlos T. and Manzoni, Pietro},
  journal = {IEEE Vehicular Technology Magazine},
  title   = {Automatic Accident Detection: Assistance Through Communication Technologies and Vehicles},
  year    = {2012},
  volume  = {7},
  number  = {3},
  pages   = {90-100},
  doi     = {10.1109/MVT.2012.2203877}
}

@inproceedings{detectionAudio1,
  author    = {Khalid, Muhammad Anas and Babar, Mohammad Inayatullah Khan and Zafar, Mohammad Haseeb and Zuhairi, Megat Farez},
  booktitle = {2013 IEEE International Conference on Smart Instrumentation, Measurement and Applications (ICSIMA)},
  title     = {Gunshot detection and localization using sensor networks},
  year      = {2013},
  volume    = {},
  number    = {},
  pages     = {1-6},
  doi       = {10.1109/ICSIMA.2013.6717917}
}

@article{urbansprawl1,
  title   = {Urban sprawl and the environment},
  author  = {Gargiulo, Vittorio and Sateriano, Adele and Di Bartolomei, Rosanna and Salvati, Luca},
  journal = {Geography, Environment, Sustainability},
  volume  = {5},
  number  = {4},
  pages   = {46--62},
  year    = {2012}
}
 
@article{urbansprawl2,
  author         = {Sim, Timothy and Wang, Dongming and Han, Ziqiang},
  title          = {Assessing the Disaster Resilience of Megacities: The Case of Hong Kong},
  journal        = {Sustainability},
  volume         = {10},
  year           = {2018},
  number         = {4},
  article-number = {1137},
  issn           = {2071-1050},
  doi            = {10.3390/su10041137}
}

%%%%%%%% iot %%%%%%%%%%%%

@article{SurveyIoT,
  author  = {Lin, J. and Yu, W. and Zhang, N. and Yang, X. and Zhang, H. and Zhao, W.},
  title   = {A Survey on Internet of Things: Architecture, Enabling Technologies, Security and Privacy, and Applications},
  journal = {IEEE Internet of Things Journal},
  volume  = {4},
  number  = {5},
  pages   = {1125–1142},
  year    = {2017}
}


@article{iiotmedical,
  author    = { Kanchan   Pradhan  and  Priyanka   Chawla },
  title     = {Medical Internet of things using machine learning algorithms for lung cancer detection},
  journal   = {Journal of Management Analytics},
  volume    = {7},
  number    = {4},
  pages     = {591-623},
  year      = {2020},
  publisher = {Taylor \& Francis},
  doi       = {10.1080/23270012.2020.1811789},
  eprint    = {https://doi.org/10.1080/23270012.2020.1811789}
}

@article{iiotqosapp,
  author  = {L. {Li} and S. {Li} and S. {Zhao}},
  journal = {IEEE Transactions on Industrial Informatics},
  title   = {QoS-Aware Scheduling of Services-Oriented Internet of Things},
  year    = {2014},
  volume  = {10},
  number  = {2},
  pages   = {1497-1505},
  doi     = {10.1109/TII.2014.2306782}
}

@article{rfidapp2,
  title     = {Technology designed to combat fakes in the global supply chain},
  author    = {Li, Ling},
  journal   = {Business Horizons},
  volume    = {56},
  number    = {2},
  pages     = {167--177},
  year      = {2013},
  publisher = {Elsevier}
}

@article{dependability4,
  author  = {T. C. {Jesus} and D. G. {Costa} and P. {Portugal} and F. {Vasques} and A. {Aguiar}},
  journal = {IEEE Access},
  title   = {Modelling Coverage Failures Caused by Mobile Obstacles for the Selection of Faultless Visual Nodes in Wireless Sensor Networks},
  year    = {2020},
  volume  = {8},
  number  = {},
  pages   = {41537-41550},
  doi     = {10.1109/ACCESS.2020.2977173}
}

@article{surveywsn,
  author  = {M. {Ayaz} and M. {Ammad-uddin} and I. {Baig} and e. M. {Aggoune}},
  journal = {IEEE Sensors Journal},
  title   = {Wireless Sensor’s Civil Applications, Prototypes, and Future Integration Possibilities: A Review},
  year    = {2018},
  volume  = {18},
  number  = {1},
  pages   = {4-30}
}
  
@article{surveywsn2,
  title   = {Applications of wireless sensor networks for urban areas: A survey},
  journal = {Journal of Network and Computer Applications},
  volume  = {60},
  pages   = {192-219},
  year    = {2016},
  issn    = {1084-8045},
  doi     = {https://doi.org/10.1016/j.jnca.2015.09.008},
  author  = {Bushra Rashid and Mubashir Husain Rehmani}
}

@article{availability1,
  author         = {Jesus, Thiago C. and Portugal, Paulo and Vasques, Francisco and Costa, Daniel G.},
  title          = {Automated Methodology for Dependability Evaluation of Wireless Visual Sensor Networks},
  journal        = {Sensors},
  volume         = {18},
  year           = {2018},
  number         = {8},
  article-number = {2629},
  issn           = {1424-8220},
  doi            = {10.3390/s18082629}
}

@article{availability2,
  title     = {On the performance, availability and energy consumption modelling of clustered IoT systems},
  author    = {Ever, Enver and Shah, Purav and Mostarda, Leonardo and Omondi, Fredrick and Gemikonakli, Orhan},
  journal   = {Computing},
  volume    = {101},
  number    = {12},
  pages     = {1935--1970},
  year      = {2019},
  publisher = {Springer}
}

@article{networking1,
  author         = {Yang, Hyunsik and Kim, Younghan},
  title          = {Design and Implementation of High-Availability Architecture for IoT-Cloud Services},
  journal        = {Sensors},
  volume         = {19},
  year           = {2019},
  number         = {15},
  article-number = {3276},
  issn           = {1424-8220},
  doi            = {10.3390/s19153276}
}

@article{networking2,
  title   = {A survey on fault tolerance in small and large scale wireless sensor networks},
  journal = {Computer Communications},
  volume  = {69},
  pages   = {22-37},
  year    = {2015},
  issn    = {0140-3664},
  doi     = {https://doi.org/10.1016/j.comcom.2015.05.007},
  author  = {Samira Chouikhi and Inès {El Korbi} and Yacine Ghamri-Doudane and Leila {Azouz Saidane}}
}

@article{redundancy1,
  title   = {Reliability in wireless sensor networks: A survey and challenges ahead},
  journal = {Computer Networks},
  volume  = {79},
  pages   = {166-187},
  year    = {2015},
  issn    = {1389-1286},
  doi     = {https://doi.org/10.1016/j.comnet.2014.12.016},
  author  = {Muhammad Adeel Mahmood and Winston K.G. Seah and Ian Welch}
}

@article{redundancy2,
  author  = {Zou, Zilong and Bao, Yuequan and Deng, Fodan and Li, Hui},
  journal = {IEEE Sensors Journal},
  title   = {An Approach of Reliable Data Transmission With Random Redundancy for Wireless Sensors in Structural Health Monitoring},
  year    = {2015},
  volume  = {15},
  number  = {2},
  pages   = {809-818},
  doi     = {10.1109/JSEN.2014.2352612}
}


@article{reliability1,
  author  = {Zonouz, Amir Ehsani and Xing, Liudong and Vokkarane, Vinod M. and Sun, Yan Lindsay},
  journal = {IEEE Sensors Journal},
  title   = {Reliability-Oriented Single-Path Routing Protocols in Wireless Sensor Networks},
  year    = {2014},
  volume  = {14},
  number  = {11},
  pages   = {4059-4068},
  doi     = {10.1109/JSEN.2014.2332296}
}


@article{sensorsplatforms,
  author  = {M. O. {Ojo} and S. {Giordano} and G. {Procissi} and I. N. {Seitanidis}},
  journal = {IEEE Access},
  title   = {A Review of Low-End, Middle-End, and High-End Iot Devices},
  year    = {2018},
  volume  = {6},
  number  = {},
  pages   = {70528-70554},
  doi     = {10.1109/ACCESS.2018.2879615}
}

@article{sensorsplatforms2,
  author         = {{\'{A}}lvarez, Jos{\'{e}} Luis and Mozo, Juan Daniel and Dur{\'{a}}n, Eladio},
  title          = {Analysis of Single Board Architectures Integrating Sensors Technologies},
  journal        = {Sensors},
  volume         = {21},
  year           = {2021},
  number         = {18},
  article-number = {6303},
  pubmedid       = {34577510},
  issn           = {1424-8220},
  doi            = {10.3390/s21186303}
}

@article{sensorsplatforms3,
  author  = {Costa, Daniel G.},
  journal = {IEEE Sensors Journal},
  title   = {Visual Sensors Hardware Platforms: A Review},
  year    = {2020},
  volume  = {20},
  number  = {8},
  pages   = {4025-4033},
  doi     = {10.1109/JSEN.2019.2952447}
}


 
@article{lora,
  author         = {Pasetti, Marco and Ferrari, Paolo and Silva, Diego Rodrigo Cabral and Silva, Ivanovitch and Sisinni, Emiliano},
  title          = {On the Use of LoRaWAN for the Monitoring and Control of Distributed Energy Resources in a Smart Campus},
  journal        = {Applied Sciences},
  volume         = {10},
  year           = {2020},
  number         = {1},
  article-number = {320},
  issn           = {2076-3417},
  doi            = {10.3390/app10010320}
}

@article{lora2,
  author  = {Sisinni, Emiliano and Carvalho, Dhiego Fernandes and Ferrari, Paolo},
  journal = {IEEE Internet of Things Journal},
  title   = {Emergency Communication in IoT Scenarios by Means of a Transparent LoRaWAN Enhancement},
  year    = {2020},
  volume  = {7},
  number  = {10},
  pages   = {10684-10694},
  doi     = {10.1109/JIOT.2020.3011262}
}


@article{zarrad,
  author  = {Anis Zarrad and Izzat Alsmadi},
  title   = {Evaluating network test scenarios for network simulators systems},
  journal = {International Journal of Distributed Sensor Networks},
  volume  = {13},
  number  = {10},
  pages   = {1550147717738216},
  year    = {2017},
  doi     = {10.1177/1550147717738216}
}

@article{miles,
  title   = {A study of LoRaWAN protocol performance for IoT applications in smart agriculture},
  journal = {Computer Communications},
  volume  = {164},
  pages   = {148 - 157},
  year    = {2020},
  issn    = {0140-3664},
  author  = {Badreddine Miles and El-Bay Bourennane and Samia Boucherkha and Salim Chikhi}
}

@article{campanile,
  title   = {Performance evaluation of a fog WSN infrastructure for emergency management},
  journal = {Simulation Modelling Practice and Theory},
  volume  = {104},
  pages   = {102120},
  year    = {2020},
  issn    = {1569-190X},
  author  = {Lelio Campanile and Marco Gribaudo and Mauro Iacono and Michele Mastroianni}
}

@inproceedings{garcia2018system,
  author       = {Garc{\'\i}a, Laura and Parra, Lorena and Taha, Miran and Lloret, Jaime},
  title        = {System for detection of emergency situations in smart city environments employing smartphones},
  booktitle    = {2018 International Conference on Advances in Computing, Communications and Informatics (ICACCI)},
  year         = {2018},
  pages        = {266--272},
  organization = {IEEE}
}

@inproceedings{habibzadeh2017smart,
  author       = {Habibzadeh, Mohamadhadi and Xiong, W and Zheleva, M and Stern, EK and Nussbaum, BH and Soyata, Tolga},
  title        = {Smart city sensing and communication sub-infrastructure},
  booktitle    = {2017 IEEE 60th International Midwest Symposium on Circuits and Systems (MWSCAS)},
  year         = {2017},
  pages        = {1159--1162},
  organization = {IEEE}
}

@article{wan2017smart,
  author    = {Wan, Shuo and Lu, Jiaxun and Fan, Pingyi and Letaief, Khaled B},
  title     = {To smart city: Public safety network design for emergency},
  journal   = {IEEE access},
  year      = {2017},
  volume    = {6},
  pages     = {1451--1460},
  publisher = {IEEE}
}

@inproceedings{costa2020automatic,
  author       = {Costa, Daniel G and Vasques, Francisco and Aguiar, Ana and Portugal, Paulo},
  title        = {Automatic Assignment of Emergency Vehicles in Response to Sensors-based Generated Alarms in Smart City Scenarios},
  booktitle    = {2020 IEEE International Smart Cities Conference (ISC2)},
  year         = {2020},
  pages        = {1--7},
  organization = {IEEE}
}

@article{rego2018software,
  author    = {Rego, Albert and Garcia, Laura and Sendra, Sandra and Lloret, Jaime},
  title     = {Software Defined Network-based control system for an efficient traffic management for emergency situations in smart cities},
  journal   = {Future Generation Computer Systems},
  year      = {2018},
  volume    = {88},
  pages     = {243--253},
  publisher = {Elsevier}
}

@article{s150614370,
  author  = {Asensio, {'A}ngel and Blanco, Teresa and Blasco, Rub{'e}n and Marco, {'A}lvaro and Casas, Roberto},
  title   = {Managing Emergency Situations in the Smart City: The Smart Signal},
  journal = {Sensors},
  year    = {2015},
  volume  = {15},
  number  = {6},
  pages   = {14370--14396},
  issn    = {1424-8220}
}

@article{kumar2017emergency,
  author  = {Kumar, Neeraj and Khan, RA and others},
  title   = {Emergency Information System Architecture for Disaster Management: Metro City Perspective.},
  journal = {International Journal of Advanced Research in Computer Science},
  year    = {2017},
  volume  = {8},
  number  = {5}
}

%%%%%%% Big data %%%%%%%%

@article{bigdata1,
  title     = {Big data and emergency management: Concepts, methodologies, and applications},
  author    = {Song, Xuan and Zhang, Haoran and Akerkar, Rajendra A and Huang, Huawei and Guo, Song and Zhong, Lei and Ji, Yusheng and Opdahl, Andreas Lothe and Purohit, Hemant and Skupin, Andr{\'e} and others},
  journal   = {IEEE Transactions on Big Data},
  year      = {2020},
  publisher = {IEEE}
}

@article{bigdata2,
  author   = {Giovannettone, Jason and Copenhaver, Tom and Burns, Margot and Choquette, Scott},
  title    = {A Statistical Approach to Mapping Flood Susceptibility in the Lower Connecticut River Valley Region},
  journal  = {Water Resources Research},
  volume   = {54},
  number   = {10},
  pages    = {7603-7618},
  keywords = {flood susceptibility, multivariate logistic regression, GIS, flood risk map, remote sensing, extreme events},
  doi      = {https://doi.org/10.1029/2018WR023018},
  eprint   = {https://agupubs.onlinelibrary.wiley.com/doi/pdf/10.1029/2018WR023018},
  year     = {2018}
}

@article{bigdata3,
  author  = {Xia, Feng and Wang, Jinzhong and Kong, Xiangjie and Wang, Zhibo and Li, Jianxin and Liu, Chengfei},
  journal = {IEEE Communications Magazine},
  title   = {Exploring Human Mobility Patterns in Urban Scenarios: A Trajectory Data Perspective},
  year    = {2018},
  volume  = {56},
  number  = {3},
  pages   = {142-149},
  doi     = {10.1109/MCOM.2018.1700242}
}

@article{bigdata4,
  title     = {A global database of historic and real-time flood events based on social media},
  author    = {de Bruijn, Jens A and de Moel, Hans and Jongman, Brenden and de Ruiter, Marleen C and Wagemaker, Jurjen and Aerts, Jeroen CJH},
  journal   = {Scientific data},
  volume    = {6},
  number    = {1},
  pages     = {1--12},
  year      = {2019},
  publisher = {Nature Publishing Group}
}

@article{humanMobility1,
  title     = {Understanding individual human mobility patterns},
  author    = {Gonzalez, Marta C and Hidalgo, Cesar A and Barabasi, Albert-Laszlo},
  journal   = {nature},
  volume    = {453},
  number    = {7196},
  pages     = {779--782},
  year      = {2008},
  publisher = {Nature publishing group}
}

%%%%%%% Fire %%%%%%%%%%

@article{fireBigdata1,
  title   = {Big data and artificial intelligence based early risk warning system of fire hazard for smart cities},
  journal = {Sustainable Energy Technologies and Assessments},
  volume  = {45},
  pages   = {100986},
  year    = {2021},
  issn    = {2213-1388},
  doi     = {https://doi.org/10.1016/j.seta.2020.100986},
  author  = {Yongchang Zhang and Panpan Geng and C.B. Sivaparthipan and Bala Anand Muthu}
}


%%%%%%%%%% Social Media %%%%%%%%

@inproceedings{socialmedia1,
  title        = {Social media and emergency management: Exploring state and local tweets},
  author       = {Carter, Lemuria and Thatcher, Jason Bennett and Wright, Ryan},
  booktitle    = {2014 47th Hawaii International Conference on System Sciences},
  pages        = {1968--1977},
  year         = {2014},
  organization = {IEEE}
}

@article{socialmedia2,
  title   = {Social media big data analytics: A survey},
  journal = {Computers in Human Behavior},
  volume  = {101},
  pages   = {417-428},
  year    = {2019},
  issn    = {0747-5632},
  doi     = {https://doi.org/10.1016/j.chb.2018.08.039},
  author  = {Norjihan Abdul Ghani and Suraya Hamid and Ibrahim Abaker {Targio Hashem} and Ejaz Ahmed}
}

@article{socialmedia3,
  title   = {On fine-grained geolocalisation of tweets and real-time traffic incident detection},
  journal = {Information Processing \& Management},
  volume  = {56},
  number  = {3},
  pages   = {1119-1132},
  year    = {2019},
  issn    = {0306-4573},
  doi     = {https://doi.org/10.1016/j.ipm.2018.03.011},
  author  = {Jorge David Gonzalez Paule and Yeran Sun and Yashar Moshfeghi}
}

@article{socialmedia4,
  title     = {Exploitation of social media for emergency relief and preparedness: Recent research and trends},
  author    = {Ghosh, Saptarshi and Ghosh, Kripabandhu and Ganguly, Debasis and Chakraborty, Tanmoy and Jones, Gareth JF and Moens, Marie-Francine and Imran, Muhammad},
  journal   = {Information Systems Frontiers},
  volume    = {20},
  number    = {5},
  pages     = {901--907},
  year      = {2018},
  publisher = {Springer}
}

@article{socialmedia5,
  title   = {Use of social media in crisis management: A survey},
  journal = {International Journal of Disaster Risk Reduction},
  volume  = {48},
  pages   = {101584},
  year    = {2020},
  issn    = {2212-4209},
  doi     = {https://doi.org/10.1016/j.ijdrr.2020.101584},
  author  = {Anita Saroj and Sukomal Pal}
}

%%%%%%%%%%%% Machine Learning %%%%%%%%%

@article{machine1,
  title     = {Model for early detection of emergency conditions in power plant equipment based on machine learning methods},
  author    = {Korshikova, AA and Trofimov, AG},
  journal   = {Thermal Engineering},
  volume    = {66},
  number    = {3},
  pages     = {189--195},
  year      = {2019},
  publisher = {Springer}
}

@article{machine2,
  title   = {Intelligent traffic control for autonomous vehicle systems based on machine learning},
  journal = {Expert Systems with Applications},
  volume  = {144},
  pages   = {113074},
  year    = {2020},
  issn    = {0957-4174},
  doi     = {https://doi.org/10.1016/j.eswa.2019.113074},
  author  = {Sangmin Lee and Younghoon Kim and Hyungu Kahng and Soon-Kyo Lee and Seokhyun Chung and Taesu Cheong and Keeyong Shin and Jeehyuk Park and Seoung Bum Kim}
}

@article{ExpertFuzzy,
  author  = {CARLO ALBERTO Magni and STEFANO Malagoli and GIOVANNI Mastroleo},
  title   = {AN ALTERNATIVE APPROACH TO FIRMS' EVALUATION: EXPERT SYSTEMS AND FUZZY LOGIC},
  journal = {International Journal of Information Technology \& Decision Making},
  volume  = {05},
  number  = {01},
  pages   = {195-225},
  year    = {2006},
  doi     = {10.1142/S0219622006001812}
}


@article{MachineVideoFall,
  author  = {Harrou, Fouzi and Zerrouki, Nabil and Sun, Ying and Houacine, Amrane},
  journal = {IEEE Access},
  title   = {An Integrated Vision-Based Approach for Efficient Human Fall Detection in a Home Environment},
  year    = {2019},
  volume  = {7},
  number  = {},
  pages   = {114966-114974},
  doi     = {10.1109/ACCESS.2019.2936320}
}


@article{SultanMahmud2017,
  author        = {Sultan Mahmud, M. and Islam, M.S. and Rahman, M.A.},
  title         = {Smart Fire Detection System with Early Notifications Using Machine Learning},
  journal       = {International Journal of Computational Intelligence and Applications},
  year          = {2017},
  volume        = {16},
  number        = {2},
  note          = {00007},
  art_number    = {1750009},
  document_type = {Article},
  doi           = {10.1142/S1469026817500092},
  source        = {Scopus}
}

@article{Alkhatib2019771,
  author        = {Alkhatib, M. and El Barachi, M. and Shaalan, K.},
  title         = {An Arabic social media based framework for incidents and events monitoring in smart cities},
  journal       = {Journal of Cleaner Production},
  year          = {2019},
  volume        = {220},
  pages         = {771-785},
  note          = {00023},
  city          = {Dubai},
  country       = {United Arab Emirates},
  document_type = {Article},
  doi           = {10.1016/j.jclepro.2019.02.063},
  source        = {Scopus}
}

@article{BRAGAGNOLO2020104240,
  title   = {Artificial neural network ensembles applied to the mapping of landslide susceptibility},
  journal = {CATENA},
  volume  = {184},
  pages   = {104240},
  year    = {2020},
  issn    = {0341-8162},
  doi     = {https://doi.org/10.1016/j.catena.2019.104240},
  author  = {L. Bragagnolo and R.V. da Silva and J.M.V. Grzybowski},
  city    = {Rio de Janeiro and Porto Alegre},
  country = {Brazil}
}

@article{Chin:2019,
  author  = {Chin, Tai-Lin and Huang, Chin-Ya and Shen, Shan-Hsiang and Tsai, You-Cheng and Hu, Yu Hen and Wu, Yih-Min},
  journal = {IEEE Transactions on Geoscience and Remote Sensing},
  title   = {Learn to Detect: Improving the Accuracy of Earthquake Detection},
  year    = {2019},
  volume  = {57},
  number  = {11},
  pages   = {8867-8878},
  doi     = {10.1109/TGRS.2019.2923453},
  county  = {Taiwan},
  city    = {}
}

@article{MachineVehicleAccident,
  author  = {Kumar, Nikhil and Acharya, Debopam and Lohani, Divya},
  journal = {IEEE Internet of Things Journal},
  title   = {An IoT-Based Vehicle Accident Detection and Classification System Using Sensor Fusion},
  year    = {2021},
  volume  = {8},
  number  = {2},
  pages   = {869-880},
  doi     = {10.1109/JIOT.2020.3008896}
}

@inproceedings{MachineFacialStroke,
  author    = {Chang, Chuan-Yu and Cheng, Man-Ju and Ma, Matthew Huei-Ming},
  booktitle = {2018 IEEE 23rd International Conference on Digital Signal Processing (DSP)},
  title     = {Application of Machine Learning for Facial Stroke Detection},
  year      = {2018},
  volume    = {},
  number    = {},
  pages     = {1-5},
  doi       = {10.1109/ICDSP.2018.8631568}
}

@article{Panchal:2019,
  author  = {Panchal, Ujjawal K. and Ajmani, Hardik and Sait, Saad Y.},
  journal = {IEEE Access},
  title   = {Flooding Level Classification by Gait Analysis of Smartphone Sensor Data},
  year    = {2019},
  volume  = {7},
  number  = {},
  pages   = {181678-181687},
  doi     = {10.1109/ACCESS.2019.2959557},
  country = {India},
  city    = {}
}
  
  
@article{ThresholdBasedFallDetection2019,
  author  = {Lee, Jin-Shyan and Tseng, Hsuan-Han},
  journal = {IEEE Sensors Journal},
  title   = {Development of an Enhanced Threshold-Based Fall Detection System Using Smartphones With Built-In Accelerometers},
  year    = {2019},
  volume  = {19},
  number  = {18},
  pages   = {8293-8302},
  doi     = {10.1109/JSEN.2019.2918690}
}
  

@article{PedestrianDetectionThreshold2021,
  author         = {Izquierdo, Alberto and Val, Lara del and Villacorta, Juan J.},
  title          = {Feasibility of Using a MEMS Microphone Array for Pedestrian Detection in an Autonomous Emergency Braking System},
  journal        = {Sensors},
  volume         = {21},
  year           = {2021},
  number         = {12},
  article-number = {4162},
  pubmedid       = {34204484},
  issn           = {1424-8220},
  doi            = {10.3390/s21124162}
}

@inproceedings{CarCrash2021,
  author    = {Anandraj, A.Peter Soosai and Nandhini, P. and Punitha, A.Amali Angel and R, Kaviyaraj},
  booktitle = {2021 6th International Conference on Communication and Electronics Systems (ICCES)},
  title     = {A NEW VEHICULAR EMERGENCY MODEL BASED ON IoT},
  year      = {2021},
  volume    = {},
  number    = {},
  pages     = {643-648},
  doi       = {10.1109/ICCES51350.2021.9489092}
}
  

@inproceedings{earthquakesDetection2011,
  author    = {Faulkner, Matthew and Olson, Michael and Chandy, Rishi and Krause, Jonathan and Chandy, K. Mani and Krause, Andreas},
  booktitle = {Proceedings of the 10th ACM/IEEE International Conference on Information Processing in Sensor Networks},
  title     = {The next big one: Detecting earthquakes and other rare events from community-based sensors},
  year      = {2011},
  volume    = {},
  number    = {},
  pages     = {13-24},
  doi       = {}
}
  

@article{AudioMachine,
  author  = {Ntalampiras, Stavros and Potamitis, Ilyas and Fakotakis, Nikos},
  journal = {IEEE Transactions on Multimedia},
  title   = {Probabilistic Novelty Detection for Acoustic Surveillance Under Real-World Conditions},
  year    = {2011},
  volume  = {13},
  number  = {4},
  pages   = {713-719},
  doi     = {10.1109/TMM.2011.2122247}
}

@article{machineIoT,
  title   = {Machine learning in the Internet of Things: Designed techniques for smart cities},
  journal = {Future Generation Computer Systems},
  volume  = {100},
  pages   = {826-843},
  year    = {2019},
  issn    = {0167-739X},
  doi     = {https://doi.org/10.1016/j.future.2019.04.017},
  author  = {Ikram Ud Din and Mohsen Guizani and Joel J.P.C. Rodrigues and Suhaidi Hassan and Valery V. Korotaev}
}


@inproceedings{TinyMachinePavementAnomalies,
  author    = {Andrade, Pedro and Silva, Ivanovitch and Signoretti, Gabriel and Silva, Marianne and Dias, Jo{\~a}o and Marques, Lucas and Costa, Daniel G.},
  booktitle = {2021 IEEE International Workshop on Metrology for Industry 4.0   IoT (MetroInd4.0 IoT)},
  title     = {An Unsupervised TinyML Approach Applied for Pavement Anomalies Detection Under the Internet of Intelligent Vehicles},
  year      = {2021},
  volume    = {},
  number    = {},
  pages     = {642-647},
  doi       = {10.1109/MetroInd4.0IoT51437.2021.9488546}
}
  
@article{TinyMachineFall,
  author  = {Sanchez-Iborra, R. and Bernal-Escobedo, L. and Santa, J. and Skarmeta, A.},
  title   = {Tinyml-based fall detection for connected personal mobility vehicles},
  journal = {Computers, Materials and Continua},
  year    = {2022},
  volume  = {71},
  number  = {2},
  pages   = {3869-3885},
  doi     = {10.32604/cmc.2022.022610}
}

@inproceedings{TinyMachineCovid,
  author    = {Fyntanidou, Barbara and Zouka, Maria and Apostolopoulou, Aikaterini and Bamidis, Panagiotis D. and Billis, Antonis and Mitsopoulos, Konstantinos and Angelidis, Pantelis and Fourlis, Alexis},
  booktitle = {2020 IEEE Globecom Workshops (GC Wkshps},
  title     = {IoT-based smart triage of Covid-19 suspicious cases in the Emergency Department},
  year      = {2020},
  volume    = {},
  number    = {},
  pages     = {1-6},
  doi       = {10.1109/GCWkshps50303.2020.9367584}
}

@article{MachineCovidVoice,
  author  = {Verde, Laura and De Pietro, Giuseppe and Ghoneim, Ahmed and Alrashoud, Mubarak and Al-Mutib, Khaled N. and Sannino, Giovanna},
  journal = {IEEE Access},
  title   = {Exploring the Use of Artificial Intelligence Techniques to Detect the Presence of Coronavirus Covid-19 Through Speech and Voice Analysis},
  year    = {2021},
  volume  = {9},
  number  = {},
  pages   = {65750-65757},
  doi     = {10.1109/ACCESS.2021.3075571}
}

%%%%%%% CNN %%%%%%%%%%


@article{cnn1,
  author         = {Santos, Guto Leoni and Endo, Patricia Takako and Monteiro, Kayo Henrique de Carvalho and Rocha, Elisson da Silva and Silva, Ivanovitch and Lynn, Theo},
  title          = {Accelerometer-Based Human Fall Detection Using Convolutional Neural Networks},
  journal        = {Sensors},
  volume         = {19},
  year           = {2019},
  number         = {7},
  article-number = {1644},
  issn           = {1424-8220},
  doi            = {10.3390/s19071644}
}

@article{cnn2,
  author         = {Baliram Singh, Rajesh and Zhuang, Hanqi and Pawani, Jeet Kiran},
  title          = {Data Collection, Modeling, and Classification for Gunshot and Gunshot-like Audio Events: A Case Study},
  journal        = {Sensors},
  volume         = {21},
  year           = {2021},
  number         = {21},
  article-number = {7320},
  pubmedid       = {34770635},
  issn           = {1424-8220},
  doi            = {10.3390/s21217320}
}

@article{iaHumanCentered,
  author    = {Ben Shneiderman},
  title     = {Human-Centered Artificial Intelligence: Reliable, Safe \& Trustworthy},
  journal   = {International Journal of Human–Computer Interaction},
  volume    = {36},
  number    = {6},
  pages     = {495-504},
  year      = {2020},
  publisher = {Taylor & Francis},
  doi       = {10.1080/10447318.2020.1741118}
}

@article{iotsurvey,
  title   = {IoT in smart cities: A contemporary survey},
  journal = {Global Transitions Proceedings},
  volume  = {2},
  number  = {2},
  pages   = {187-193},
  year    = {2021},
  note    = {International Conference on Computing System and its Applications (ICCSA- 2021)},
  issn    = {2666-285X},
  doi     = {https://doi.org/10.1016/j.gltp.2021.08.069},
  author  = {Janani RP and Renuka K and Aruna A and Lakshmi Narayanan K}
}

%%%%%%%%%% miscellaneous %%%%%%%%%%%

@inproceedings{naturalLanguage,
  title     = {Savitr: A system for real-time location extraction from microblogs during emergencies},
  author    = {Dutt, Ritam and Hiware, Kaustubh and Ghosh, Avijit and Bhaskaran, Rameshwar},
  booktitle = {Companion Proceedings of the The Web Conference 2018},
  pages     = {1643--1649},
  year      = {2018}
}

@article{computerVision1,
  title     = {Review on computer vision techniques in emergency situations},
  author    = {Lopez-Fuentes, Laura and van de Weijer, Joost and Gonz{\'a}lez-Hidalgo, Manuel and Skinnemoen, Harald and Bagdanov, Andrew D},
  journal   = {Multimedia Tools and Applications},
  volume    = {77},
  number    = {13},
  pages     = {17069--17107},
  year      = {2018},
  publisher = {Springer}
}

@article{humanAssisted1,
  author  = {Mohammad, Nazeeruddin and Muhammad, Shahabuddin and Bashar, Abul and Khan, Majid A.},
  journal = {IEEE Access},
  title   = {Formal Analysis of Human-Assisted Smart City Emergency Services},
  year    = {2019},
  volume  = {7},
  number  = {},
  pages   = {60376-60388},
  doi     = {10.1109/ACCESS.2019.2913784}
}

@inproceedings{centralserver1,
  title        = {Using smartphones to detect car accidents and provide situational awareness to emergency responders},
  author       = {Thompson, Chris and White, Jules and Dougherty, Brian and Albright, Adam and Schmidt, Douglas C},
  booktitle    = {International Conference on Mobile Wireless Middleware, Operating Systems, and Applications},
  pages        = {29--42},
  year         = {2010},
  organization = {Springer}
}

@article{cloud1,
  title   = {A cloud-based architecture for emergency management and first responders localization in smart city environments},
  journal = {Computers \& Electrical Engineering},
  volume  = {56},
  pages   = {810-830},
  year    = {2016},
  issn    = {0045-7906},
  doi     = {https://doi.org/10.1016/j.compeleceng.2016.02.012},
  author  = {Francesco Palmieri and Massimo Ficco and Silvio Pardi and Aniello Castiglione}
}

@article{edge1,
  author         = {Yang, Taehun and Lee, Sang-Hoon and Park, Soochang},
  title          = {AI-Aided Individual Emergency Detection System in Edge-Internet of Things Environments},
  journal        = {Electronics},
  volume         = {10},
  year           = {2021},
  number         = {19},
  article-number = {2374},
  issn           = {2079-9292},
  doi            = {10.3390/electronics10192374}
}

@article{energy1,
  title   = {Energy management in Wireless Sensor Networks: A survey},
  journal = {Computers \& Electrical Engineering},
  volume  = {41},
  pages   = {159-176},
  year    = {2015},
  issn    = {0045-7906},
  doi     = {https://doi.org/10.1016/j.compeleceng.2014.06.009},
  author  = {Junaid Ahmed Khan and Hassaan Khaliq Qureshi and Adnan Iqbal}
}

@article{qoe1,
  title     = {QoE in IoT: a vision, survey and future directions},
  author    = {Fizza, Kaneez and Banerjee, Abhik and Mitra, Karan and Jayaraman, Prem Prakash and Ranjan, Rajiv and Patel, Pankesh and Georgakopoulos, Dimitrios},
  journal   = {Discover Internet of Things},
  volume    = {1},
  number    = {1},
  pages     = {1--14},
  year      = {2021},
  publisher = {Springer}
}

@article{qosnetworks1,
  title     = {Quality of service aware routing protocols in wireless multimedia sensor networks: survey},
  author    = {Chiwariro, Ronald and others},
  journal   = {International Journal of Information Technology},
  pages     = {1--12},
  year      = {2020},
  publisher = {Springer}
}

@article{deployment1,
  author  = {Kim, Hoon and Han, Sang-wook},
  journal = {IEEE Communications Letters},
  title   = {An Efficient Sensor Deployment Scheme for Large-Scale Wireless Sensor Networks},
  year    = {2015},
  volume  = {19},
  number  = {1},
  pages   = {98-101},
  doi     = {10.1109/LCOMM.2014.2372015}
}

@article{socialmediatime1,
  title   = {From Twitter to detector: Real-time traffic incident detection using social media data},
  journal = {Transportation Research Part C: Emerging Technologies},
  volume  = {67},
  pages   = {321-342},
  year    = {2016},
  issn    = {0968-090X},
  doi     = {https://doi.org/10.1016/j.trc.2016.02.011},
  author  = {Yiming Gu and Zhen (Sean) Qian and Feng Chen}
}

@article{pollutioncities1,
  title     = {Particulate air pollution from motor vehicles: a putative proallergic hazard?},
  author    = {Polosa, Riccardo and Salvi, Sundeep},
  journal   = {Canadian respiratory journal},
  volume    = {6},
  number    = {5},
  pages     = {436--441},
  year      = {1999},
  publisher = {Hindawi}
}

@article{population1,
  title   = {Monitoring finer-scale population density in urban functional zones: A remote sensing data fusion approach},
  journal = {Landscape and Urban Planning},
  volume  = {190},
  pages   = {103580},
  year    = {2019},
  issn    = {0169-2046},
  doi     = {https://doi.org/10.1016/j.landurbplan.2019.05.011},
  author  = {Jinchao Song and Xiaoye Tong and Lizhe Wang and Chunli Zhao and Alexander V. Prishchepov}
}

@article{urbanplanning1,
  title   = {Urban planning and building smart cities based on the Internet of Things using Big Data analytics},
  journal = {Computer Networks},
  volume  = {101},
  pages   = {63-80},
  year    = {2016},
  note    = {Industrial Technologies and Applications for the Internet of Things},
  issn    = {1389-1286},
  doi     = {https://doi.org/10.1016/j.comnet.2015.12.023},
  author  = {M. Mazhar Rathore and Awais Ahmad and Anand Paul and Seungmin Rho}
}

@article{satellite1,
  title     = {Natural disasters detection in social media and satellite imagery: a survey},
  author    = {Said, Naina and Ahmad, Kashif and Riegler, Michael and Pogorelov, Konstantin and Hassan, Laiq and Ahmad, Nasir and Conci, Nicola},
  journal   = {Multimedia Tools and Applications},
  volume    = {78},
  number    = {22},
  pages     = {31267--31302},
  year      = {2019},
  publisher = {Springer}
}

@article{satellite2,
  title     = {The role of remote sensing in predicting and determining coastal storm impacts},
  author    = {Klemas, Victor V},
  journal   = {Journal of Coastal Research},
  volume    = {25},
  number    = {6},
  pages     = {1264--1275},
  year      = {2009},
  publisher = {Coastal Education and Research Foundation}
}

@article{satellite3,
  title     = {HazMapper: A global open-source natural hazard mapping application in Google Earth Engine},
  author    = {Scheip, Corey M and Wegmann, Karl W},
  journal   = {Natural Hazards and Earth System Sciences},
  volume    = {21},
  number    = {5},
  pages     = {1495--1511},
  year      = {2021},
  publisher = {Copernicus GmbH}
}

@article{satellite4,
  title     = {Google Earth Engine for concurrent flood monitoring in the lower basin of Indo-Gangetic-Brahmaputra plains},
  author    = {Lal, Preet and Prakash, Aniket and Kumar, Amit},
  journal   = {Natural Hazards},
  volume    = {104},
  number    = {2},
  pages     = {1947--1952},
  year      = {2020},
  publisher = {Springer}
}

@article{SocialMachineLearningSurvey,
  author  = {Dwarakanath, Lokabhiram and Kamsin, Amirrudin and Rasheed, Rasheed Abubakar and Anandhan, Anitha and Shuib, Liyana},
  journal = {IEEE Access},
  title   = {Automated Machine Learning Approaches for Emergency Response and Coordination via Social Media in the Aftermath of a Disaster: A Review},
  year    = {2021},
  volume  = {9},
  number  = {},
  pages   = {68917-68931},
  doi     = {10.1109/ACCESS.2021.3074819}
}

@article{ExpertFire1,
  author  = {Wang, Teng and Bu, Leping and Yang, Zhikai and Yuan, Peng and Ouyang, Jineng},
  journal = {IEEE/CAA Journal of Automatica Sinica},
  title   = {A new fire detection method using a multi-expert system based on color dispersion, similarity and centroid motion in indoor environment},
  year    = {2020},
  volume  = {7},
  number  = {1},
  pages   = {263-275},
  doi     = {10.1109/JAS.2019.1911546}
}
  
  
@article{ExpertFire2,
  author  = {Lee, H.-J. and Kim, D.-E. and Shon, J.-G. and Park, J.-D.},
  title   = {Switchboard Fire Detection System Using Expert Inference Method Based on Improved Fire Discrimination},
  journal = {Journal of Electrical Engineering and Technology},
  year    = {2019},
  volume  = {14},
  number  = {2},
  pages   = {1007-1015},
  doi     = {10.1007/s42835-019-00092-2}
}

@article{FuzzyFire2,
  author  = {Sowah, Robert A. and Ofoli, Abdul R. and Krakani, Selase N. and Fiawoo, Seth Yayra},
  journal = {IEEE Transactions on Industry Applications},
  title   = {Hardware Design and Web-Based Communication Modules of a Real-Time Multisensor Fire Detection and Notification System Using Fuzzy Logic},
  year    = {2017},
  volume  = {53},
  number  = {1},
  pages   = {559-566},
  doi     = {10.1109/TIA.2016.2613075}
}
  
@article{ExpertATM1,
  author  = {Lee, W.-K. and Leong, C.-F. and Lai, W.-K. and Leow, L.-K. and Yap, T.-H.},
  title   = {ArchCam: Real time expert system for suspicious behaviour detection in ATM site},
  journal = {Expert Systems with Applications},
  year    = {2018},
  volume  = {109},
  pages   = {12-24},
  doi     = {10.1016/j.eswa.2018.05.014}
}


@inproceedings{CNNFireVideo,
  author    = {Frizzi, Sebastien and Kaabi, Rabeb and Bouchouicha, Moez and Ginoux, Jean-Marc and Moreau, Eric and Fnaiech, Farhat},
  booktitle = {IECON 2016 - 42nd Annual Conference of the IEEE Industrial Electronics Society},
  title     = {Convolutional neural network for video fire and smoke detection},
  year      = {2016},
  volume    = {},
  number    = {},
  pages     = {877-882},
  doi       = {10.1109/IECON.2016.7793196}
}
  
@article{thresholdmedia1,
  title   = {Early detection and information extraction for weather-induced floods using social media streams},
  journal = {International Journal of Disaster Risk Reduction},
  volume  = {30},
  pages   = {145-157},
  year    = {2018},
  note    = {Communicating High Impact Weather: Improving warnings and decision making processes},
  issn    = {2212-4209},
  doi     = {https://doi.org/10.1016/j.ijdrr.2018.03.002},
  author  = {C. Rossi and F.S. Acerbo and K. Ylinen and I. Juga and P. Nurmi and A. Bosca and F. Tarasconi and M. Cristoforetti and A. Alikadic}
}

@article{FuzzyFire3,
  author  = {Homeag, I.L. and Pârlog-Cristian, R. and Covrig, M.},
  title   = {Efficiency increase for electrical fire detection and alarm systems through implementation of fuzzy expert systems},
  journal = {UPB Scientific Bulletin, Series C: Electrical Engineering},
  year    = {2013},
  volume  = {75},
  number  = {1},
  pages   = {251-266}
}


@article{FuzzyWater1,
  author  = {Angulo, C. and Cabestany, J. and Rodríguez, P. and Batlle, M. and González, A. and De Campos, S.},
  title   = {Fuzzy expert system for the detection of episodes of poor water quality through continuous measurement},
  journal = {Expert Systems with Applications},
  year    = {2012},
  volume  = {39},
  number  = {1},
  pages   = {1011-1020},
  country = {Spain},
  doi     = {10.1016/j.eswa.2011.07.102}
}

@article{ExpertLeakage1,
  author  = {Zhou, Z.-J. and Hu, C.-H. and Xu, D.-L. and Yang, J.-B. and Zhou, D.-H.},
  title   = {Bayesian reasoning approach based recursive algorithm for online updating belief rule based expert system of pipeline leak detection},
  journal = {Expert Systems with Applications},
  year    = {2011},
  volume  = {38},
  number  = {4},
  pages   = {3937-3943},
  doi     = {10.1016/j.eswa.2010.09.055}
}



@article{ExpertLeakage2,
  title   = {Design of a pipeline leakage detection using expert system: A novel approach},
  journal = {Applied Soft Computing},
  volume  = {11},
  number  = {1},
  pages   = {1057-1066},
  year    = {2011},
  issn    = {1568-4946},
  doi     = {https://doi.org/10.1016/j.asoc.2010.02.005},
  country = {Brazil}
}

@article{surveyAI1,
  title   = {Applications of Artificial Intelligence and Machine learning in smart cities},
  journal = {Computer Communications},
  volume  = {154},
  pages   = {313-323},
  year    = {2020},
  issn    = {0140-3664},
  doi     = {https://doi.org/10.1016/j.comcom.2020.02.069},
  author  = {Zaib Ullah and Fadi Al-Turjman and Leonardo Mostarda and Roberto Gagliardi}
}

@article{surveyAI2,
  title   = {On big data, artificial intelligence and smart cities},
  journal = {Cities},
  volume  = {89},
  pages   = {80-91},
  year    = {2019},
  issn    = {0264-2751},
  doi     = {https://doi.org/10.1016/j.cities.2019.01.032},
  author  = {Zaheer Allam and Zaynah A. Dhunny}
}

@inproceedings{protocolsiot1,
  title        = {An Efficient Event-Based Protocol for Emergency Situations in Smart Cities},
  author       = {Hernandes, Sediane CL and Pellenz, Marcelo E and Calsavara, Alcides and Penna, Manoel C},
  booktitle    = {International Conference on Advanced Information Networking and Applications},
  pages        = {523--534},
  year         = {2019},
  organization = {Springer}
}

@article{protocolsiot2,
  title     = {Fog computing for sustainable smart cities: A survey},
  author    = {Perera, Charith and Qin, Yongrui and Estrella, Julio C and Reiff-Marganiec, Stephan and Vasilakos, Athanasios V},
  journal   = {ACM Computing Surveys (CSUR)},
  volume    = {50},
  number    = {3},
  pages     = {1--43},
  year      = {2017},
  publisher = {ACM New York, NY, USA}
}

@article{notification1,
  author  = {Kohler, Monica D. and Cochran, Elizabeth S. and Given, Doug and Guiwits, Steve and Neuhauser, Doug and Henson, Ivan and Hartog, Renate and Bodin, Paul and Kress, Victor and Thompson, Stephen and Felizardo, Claude and Brody, Jeff and Bhadha, Rayo and Schwarz, Stan},
  title   = {Earthquake Early Warning ShakeAlert System: West Coast Wide Production Prototype},
  journal = {Seismological Research Letters},
  year    = {2017},
  volume  = {89},
  number  = {1},
  pages   = {99-107},
  month   = {12},
  issn    = {0895-0695},
  doi     = {10.1785/0220170140},
  country = {USA}
}

@article{notification2,
  author    = {Goniewicz, Krzysztof and Burkle, Frederick M.},
  title     = {Disaster Early Warning Systems: The Potential Role and Limitations of Emerging Text and Data Messaging Mitigation Capabilities},
  journal   = {Disaster Medicine and Public Health Preparedness},
  year      = {2019},
  volume    = {13},
  number    = {4},
  pages     = {709–712},
  doi       = {10.1017/dmp.2018.171},
  publisher = {Cambridge University Press},
  country   = {Poland}
}

@article{notification3,
  author         = {Ahmed, Bayes and Rahman, Md. Shahinoor and Islam, Rahenul and Sammonds, Peter and Zhou, Chao and Uddin, Kabir and Al-Hussaini, Tahmeed M.},
  title          = {Developing a Dynamic Web-GIS Based Landslide Early Warning System for the Chittagong Metropolitan Area, Bangladesh},
  journal        = {ISPRS International Journal of Geo-Information},
  year           = {2018},
  volume         = {7},
  number         = {12},
  issn           = {2220-9964},
  article-number = {485},
  country        = {Bangladesh},
  doi            = {10.3390/ijgi7120485}
}

@article{notification4,
  title     = {The Implementation of an IoT-Based Flood Alert System},
  journal   = {International Journal of Advanced Computer Science and Applications},
  doi       = {10.14569/IJACSA.2018.091187},
  year      = {2018},
  publisher = {The Science and Information Organization},
  volume    = {9},
  number    = {11},
  author    = {Wahidah Md. Shah and F. Arif and A.A. Shahrin and Aslinda Hassan},
  city      = {Melaka},
  country   = {Malaysia}
}

@article{notification5,
  title    = {Suitability of the early warning systems and temporary housing for the elderly population in the immediacy and transitional recovery phase of the 2011 Great East Japan Earthquake and Tsunami},
  journal  = {International Journal of Disaster Risk Reduction},
  volume   = {31},
  pages    = {302-310},
  year     = {2018},
  issn     = {2212-4209},
  doi      = {https://doi.org/10.1016/j.ijdrr.2018.05.022},
  author   = {Angus Naylor and Joanna {Faure Walker} and Anawat Suppasri},
  keywords = {Great East Japan Earthquake and Tsunami, Early warning systems, Elderly, Evacuation, Temporary housing, Transitional phase of recovery, Vulnerability},
  city     = {Miyagi and Iwate},
  country  = {Japan}
}

@article{notification6,
  title   = {Automated hazardous gas detecting robot using wireless sensor networks with GSM-SMS alert and fire control system for households},
  author  = {Panganiban, EB},
  journal = {International Journal of Advanced Trends in Computer Science and Engineering},
  volume  = {8},
  number  = {3},
  pages   = {804--809},
  year    = {2019},
  country = {Philippines},
  city    = {Isabela}
}

@article{alertdam1,
  title     = {A debris-flow alarm system for the Alpine Illgraben catchment: design and performance},
  author    = {Badoux, Alexandre and Graf, Christoph and Rhyner, Jakob and Kuntner, Richard and McArdell, Brian W},
  journal   = {Natural hazards},
  volume    = {49},
  number    = {3},
  pages     = {517--539},
  year      = {2009},
  publisher = {Springer}
}

@misc{quakeculture,
  title     = {Quake warnings, seismic culture},
  author    = {Allen, Richard M and EERI Reconnaissance Team*},
  journal   = {Science},
  volume    = {358},
  number    = {6367},
  pages     = {1111--1111},
  year      = {2017},
  publisher = {American Association for the Advancement of Science}
}

@article{emergenciesxml,
  title   = {Creative design of emergency management scenarios driven by semantics: An application to smart cities},
  journal = {Information Systems},
  volume  = {81},
  pages   = {21-48},
  year    = {2019},
  issn    = {0306-4379},
  doi     = {https://doi.org/10.1016/j.is.2018.10.005},
  author  = {Antonio {De Nicola} and Michele Melchiori and Maria Luisa Villani}
}

@article{emergenciesxml2,
  author         = {Chen, Nengcheng and Liu, Yingbing and Li, Jia and Chen, Zeqiang},
  title          = {A Spatio-Temporal Enhanced Metadata Model for Interdisciplinary Instant Point Observations in Smart Cities},
  journal        = {ISPRS International Journal of Geo-Information},
  volume         = {6},
  year           = {2017},
  number         = {2},
  article-number = {50},
  issn           = {2220-9964},
  doi            = {10.3390/ijgi6020050}
}

@article{iotgadget1,
  title   = {Health and emergency-care platform for the elderly and disabled people in the Smart City},
  journal = {Journal of Systems and Software},
  volume  = {110},
  pages   = {253-263},
  year    = {2015},
  issn    = {0164-1212},
  doi     = {https://doi.org/10.1016/j.jss.2015.08.041},
  author  = {Aamir Hussain and Rao Wenbi and Aristides Lopes {da Silva} and Muhammad Nadher and Muhammad Mudhish}
}

@inproceedings{iotmqtt,
  author    = {Mahgoub, Asma and Tarrad, Nourhan and Elsherif, Rana and Ismail, Loay and Al-Ali, Abdulla},
  booktitle = {2020 IEEE International Conference on Informatics, IoT, and Enabling Technologies (ICIoT)},
  title     = {Fire Alarm System for Smart Cities Using Edge Computing},
  year      = {2020},
  volume    = {},
  number    = {},
  pages     = {597-602},
  doi       = {10.1109/ICIoT48696.2020.9089653}
}

@inproceedings{iotmqtt2,
  author    = {Bharadwaj, Abhay Shankar and Rego, Rainer and Chowdhury, Anirban},
  booktitle = {2016 IEEE Annual India Conference (INDICON)},
  title     = {IoT based solid waste management system: A conceptual approach with an architectural solution as a smart city application},
  year      = {2016},
  volume    = {},
  number    = {},
  pages     = {1-6},
  doi       = {10.1109/INDICON.2016.7839147}
}

%%%%%%%%%%%%%%%%%%%%%%%%%%%%%%%%%
%%%%%%%% Mitigation %%%%%%%%%%%%%

@article{emergencyRescue1,
  author  = {F. {Wu}},
  journal = {IEEE Transactions on Vehicular Technology},
  title   = {A Sensor-Assisted Emergency Guiding System: Sensor-Centric or User-Centric?},
  year    = {2018},
  volume  = {67},
  number  = {2},
  pages   = {1598-1611},
  doi     = {10.1109/TVT.2017.2749003},
  issn    = {0018-9545},
  month   = {Feb}
}

@article{emergencyRescue2,
  author         = {Koshimura, Shunichi and Moya, Luis and Mas, Erick and Bai, Yanbing},
  title          = {Tsunami Damage Detection with Remote Sensing: A Review},
  journal        = {Geosciences},
  volume         = {10},
  year           = {2020},
  number         = {5},
  article-number = {177},
  issn           = {2076-3263},
  doi            = {10.3390/geosciences10050177}
}

@inproceedings{emergencyRescue3,
  author    = {Basil, Ahmed and Mu, Mu and Agyeman, Michael},
  booktitle = {2019 IEEE SmartWorld, Ubiquitous Intelligence   Computing, Advanced   Trusted Computing, Scalable Computing   Communications, Cloud   Big Data Computing, Internet of People and Smart City Innovation (SmartWorld/SCALCOM/UIC/ATC/CBDCom/IOP/SCI)},
  title     = {A Multi-modal Framework for Future Emergency Systems},
  year      = {2019},
  volume    = {},
  number    = {},
  pages     = {17-20},
  doi       = {10.1109/SmartWorld-UIC-ATC-SCALCOM-IOP-SCI.2019.00048}
}


@article{mitigationITS1,
  title     = {Facilitating emergency response vehicles’ movement through a road segment in a connected vehicle environment},
  author    = {Hannoun, Gaby Joe and Murray-Tuite, Pamela and Heaslip, Kevin and Chantem, Thidapat},
  journal   = {IEEE Transactions on Intelligent Transportation Systems},
  volume    = {20},
  number    = {9},
  pages     = {3546--3557},
  year      = {2018},
  publisher = {IEEE}
}

@inproceedings{mitigationDrone1,
  title        = {Drone-assisted disaster management: Finding victims via infrared camera and lidar sensor fusion},
  author       = {Lee, Seoungjun and Har, Dongsoo and Kum, Dongsuk},
  booktitle    = {2016 3rd Asia-Pacific World Congress on Computer Science and Engineering (APWC on CSE)},
  pages        = {84--89},
  year         = {2016},
  organization = {IEEE}
}

@inproceedings{mitigationDrone2,
  title     = {The next generation of human-drone partnerships: Co-designing an emergency response system},
  author    = {Agrawal, Ankit and Abraham, Sophia J and Burger, Benjamin and Christine, Chichi and Fraser, Luke and Hoeksema, John M and Hwang, Sarah and Travnik, Elizabeth and Kumar, Shreya and Scheirer, Walter and others},
  booktitle = {Proceedings of the 2020 CHI Conference on Human Factors in Computing Systems},
  pages     = {1--13},
  year      = {2020}
}

@article{tl_vanet_alert_detection,
  title     = {Managing emergency situations in VANET through heterogeneous technologies cooperation},
  author    = {Santamaria, Amilcare Francesco and Tropea, Mauro and Fazio, Peppino and De Rango, Floriano},
  journal   = {Sensors},
  volume    = {18},
  number    = {5},
  pages     = {1461},
  year      = {2018},
  publisher = {Multidisciplinary Digital Publishing Institute}
}

@article{mitigationurban1,
  title   = {An emergency logistics distribution approach for quick response to urgent relief demand in disasters},
  journal = {Transportation Research Part E: Logistics and Transportation Review},
  volume  = {43},
  number  = {6},
  pages   = {687-709},
  year    = {2007},
  note    = {Challenges of Emergency Logistics Management},
  issn    = {1366-5545},
  doi     = {https://doi.org/10.1016/j.tre.2006.04.004},
  author  = {Jiuh-Biing Sheu}
}

@article{mitigationurban2,
  author         = {Xiao, Changjiang and Chen, Nengcheng and Gong, Jianya and Wang, Wei and Hu, Chuanbo and Chen, Zeqiang},
  title          = {Event-Driven Distributed Information Resource-Focusing Service for Emergency Response in Smart City with Cyber-Physical Infrastructures},
  journal        = {ISPRS International Journal of Geo-Information},
  volume         = {6},
  year           = {2017},
  number         = {8},
  article-number = {251},
  issn           = {2220-9964},
  doi            = {10.3390/ijgi6080251}
}

@article{mitigationurban3,
  title     = {City-scale accessibility of emergency responders operating during flood events},
  author    = {Green, Daniel and Yu, Dapeng and Pattison, Ian and Wilby, Robert and Bosher, Lee and Patel, Ramila and Thompson, Philip and Trowell, Keith and Draycon, Julia and Halse, Martin and others},
  journal   = {Natural Hazards and Earth System Sciences},
  volume    = {17},
  number    = {1},
  pages     = {1--16},
  year      = {2017},
  publisher = {Copernicus GmbH}
}

@article{mitigationAct1,
  author    = {Hamood Alqourabah and Amgad Muneer and Suliman Mohamed Fati},
  title     = {A smart fire detection system using iot technology with automatic water sprinkler},
  journal   = {International Journal of Electrical and Computer Engineering ({IJECE})},
  year      = {2021},
  volume    = {11},
  number    = {4},
  pages     = {2994},
  month     = {8},
  doi       = {10.11591/ijece.v11i4.pp2994-3002},
  publisher = {Institute of Advanced Engineering and Science}
}

@article{mitigationAct2,
  author    = {D. Radha and M. Arun Kumar and Nagarjuna Telagam and M. Sabarimuthu},
  title     = {Smart Sensor Network-Based Autonomous Fire Extinguish Robot Using {IoT}},
  journal   = {International Journal of Online and Biomedical Engineering ({iJOE})},
  year      = {2021},
  volume    = {17},
  number    = {01},
  pages     = {101},
  month     = {jan},
  doi       = {10.3991/ijoe.v17i01.19209},
  publisher = {International Association of Online Engineering ({IAOE})}
}

@article{mitigationAct3,
  title   = {An intelligent fire detection and mitigation system safe from fire (SFF)},
  author  = {Mobin, Md Iftekharul and Abid-Ar-Rafi, Md and Islam, Md Neamul and Hasan, Md Rifat},
  journal = {Int. J. Comput. Appl},
  volume  = {133},
  number  = {6},
  pages   = {1--7},
  year    = {2016}
}

@inproceedings{mitigationAct4,
  title     = {Research on Fire Fighting Scheme of Indoor Fire Fighting Robot Based on Multi-sensor},
  author    = {Tian Junwei and Ding Ruimin and Li Jintao and Zhang Yanling},
  year      = {2019},
  month     = {11},
  booktitle = {Proceedings of the 2019 International Conference on Precision Machining, Non-Traditional Machining and Intelligent Manufacturing (PNTIM 2019)},
  pages     = {102-106},
  issn      = {2589-4943},
  isbn      = {978-94-6252-829-1},
  doi       = {https://doi.org/10.2991/pntim-19.2019.21},
  publisher = {Atlantis Press}
}

@inproceedings{mitigationAct5,
  author    = {Grover, Kotish
               and Kahali, Ditsha
               and Verma, Shreya
               and Subramanian, Balaji},
  editor    = {Subramanian, Babu
               and Chen, Shiao-Shing
               and Reddy, Krishna R.},
  title     = {WSN-Based System for Forest Fire Detection and Mitigation},
  booktitle = {Emerging Technologies for Agriculture and Environment},
  year      = {2020},
  publisher = {Springer Singapore},
  address   = {Singapore},
  pages     = {249--260}
}

@inproceedings{mitigationAct6,
  author    = {Awawdeh, Moath and Bashir, Anees and Faisal, Tarig and Alhammadi, Khawla and Almansori, Mouza and Almazrouei, Sara},
  booktitle = {2019 Advances in Science and Engineering Technology International Conferences (ASET)},
  title     = {Embedded Ventilation Air Conditioning System for Protection Purposes with IoT Control},
  year      = {2019},
  volume    = {},
  number    = {},
  pages     = {1-6},
  doi       = {10.1109/ICASET.2019.8714295}
}

@article{mitigationAct7,
  author    = {B. P. Wong and B. Kerkez},
  title     = {Real-Time Control of Urban Headwater Catchments Through Linear Feedback: Performance, Analysis, and Site Selection},
  journal   = {Water Resources Research},
  year      = {2018},
  volume    = {54},
  number    = {10},
  pages     = {7309--7330},
  month     = {10},
  doi       = {10.1029/2018wr022657},
  publisher = {American Geophysical Union ({AGU})}
}

@article{mitigationurban4,
  author        = {Zaldívar-Colado, A. and Tripp-Barba, C. and Brito-Rojas, J.A. and Aguilar-Calderón, J.A. and García-Sánchez, O.V. and Ramírez-Zambada, L. and Zatarain-Montalvo, J.N.},
  title         = {Management of traffic lights for emergency services [Reguliranje semafora u hitnim slučajevima]},
  journal       = {Tehnicki Vjesnik},
  year          = {2017},
  volume        = {24},
  number        = {2},
  pages         = {643-648},
  note          = {00004},
  document_type = {Article},
  doi           = {10.17559/TV-20140910051747},
  keywords      = {rank4, read},
  source        = {Scopus}
}

@article{mitigationurban5,
  author    = {Gour Karmakar and Abdullahi Chowdhury and Joarder Kamruzzaman and Iqbal Gondal},
  title     = {A Smart Priority-Based Traffic Control System for Emergency Vehicles},
  journal   = {{IEEE} Sensors Journal},
  year      = {2021},
  volume    = {21},
  number    = {14},
  pages     = {15849--15858},
  month     = {7},
  doi       = {10.1109/jsen.2020.3023149},
  publisher = {Institute of Electrical and Electronics Engineers ({IEEE})}
}

@article{mitigationurban6,
  author  = {Kyrkou, Christos and Theocharides, Theocharis},
  journal = {IEEE Journal of Selected Topics in Applied Earth Observations and Remote Sensing},
  title   = {EmergencyNet: Efficient Aerial Image Classification for Drone-Based Emergency Monitoring Using Atrous Convolutional Feature Fusion},
  year    = {2020},
  volume  = {13},
  number  = {},
  pages   = {1687-1699},
  doi     = {10.1109/JSTARS.2020.2969809}
}

@article{mitigationurban7,
  author         = {Aydin, Burchan and Selvi, Emre and Tao, Jian and Starek, Michael J.},
  title          = {Use of Fire-Extinguishing Balls for a Conceptual System of Drone-Assisted Wildfire Fighting},
  journal        = {Drones},
  volume         = {3},
  year           = {2019},
  number         = {1},
  article-number = {17},
  issn           = {2504-446X},
  doi            = {10.3390/drones3010017}
}

@inproceedings{mitigationurban8,
  title     = {An exploratory study of the use of drones for assisting firefighters during emergency situations},
  author    = {Khan, Md Nafiz Hasan and Neustaedter, Carman},
  booktitle = {Proceedings of the 2019 CHI Conference on Human Factors in Computing Systems},
  pages     = {1--14},
  year      = {2019}
}

@article{dronecovid1,
  author  = {Chamola, Vinay and Hassija, Vikas and Gupta, Vatsal and Guizani, Mohsen},
  journal = {IEEE Access},
  title   = {A Comprehensive Review of the COVID-19 Pandemic and the Role of IoT, Drones, AI, Blockchain, and 5G in Managing its Impact},
  year    = {2020},
  volume  = {8},
  number  = {},
  pages   = {90225-90265},
  doi     = {10.1109/ACCESS.2020.2992341}
}

@article{dronecovid2,
  title   = {A drone-based networked system and methods for combating coronavirus disease (COVID-19) pandemic},
  journal = {Future Generation Computer Systems},
  volume  = {115},
  pages   = {1-19},
  year    = {2021},
  issn    = {0167-739X},
  doi     = {https://doi.org/10.1016/j.future.2020.08.046},
  author  = {Adarsh Kumar and Kriti Sharma and Harvinder Singh and Sagar Gupta Naugriya and Sukhpal Singh Gill and Rajkumar Buyya}
}

@incollection{citylife,
  title     = {Smart cities: The next urban evolution in delivering a better quality of life},
  author    = {Sharida, Abdulrahman and Hamdan, Allam and AL-Hashimi, Mukhtar},
  booktitle = {Toward Social Internet of Things (SIoT): Enabling Technologies, Architectures and Applications},
  pages     = {287--298},
  year      = {2020},
  publisher = {Springer}
}

@article{inequalities1,
  title     = {Strategic planning for smart city development: assessing spatial inequalities in the basic service provision of metropolitan cities},
  author    = {Du, Mengbing and Zhang, Xiaoling and Mora, Luca},
  journal   = {Journal of Urban Technology},
  volume    = {28},
  number    = {1-2},
  pages     = {115--134},
  year      = {2021},
  publisher = {Taylor \& Francis}
}

@article{inequalities2,
  title     = {Disassembling bike-sharing systems: Surveillance, advertising, and the social inequalities of a global technological assemblage},
  author    = {Duarte, F{\'a}bio},
  journal   = {Journal of Urban Technology},
  volume    = {23},
  number    = {2},
  pages     = {103--115},
  year      = {2016},
  publisher = {Taylor \& Francis}
}

@article{inequalities3,
  title     = {Smart cities: A review and analysis of stakeholders’ literature},
  author    = {Marrone, Mauricio and Hammerle, Mara},
  journal   = {Business \& Information Systems Engineering},
  volume    = {60},
  number    = {3},
  pages     = {197--213},
  year      = {2018},
  publisher = {Springer}
}

@article{citiestransforming,
  author  = {Kuru, Kaya and Ansell, Darren},
  journal = {IEEE Access},
  title   = {TCitySmartF: A Comprehensive Systematic Framework for Transforming Cities Into Smart Cities},
  year    = {2020},
  volume  = {8},
  number  = {},
  pages   = {18615-18644},
  doi     = {10.1109/ACCESS.2020.2967777}
}
  
@article{citiestransforming2,
  author  = {Javidroozi, Vahid and Shah, Hanifa and Feldman, Gerald},
  journal = {IEEE Access},
  title   = {Urban Computing and Smart Cities: Towards Changing City Processes by Applying Enterprise Systems Integration Practices},
  year    = {2019},
  volume  = {7},
  number  = {},
  pages   = {108023-108034},
  doi     = {10.1109/ACCESS.2019.2933045}
}

@article{softsensor,
  author  = {Sun, Qingqiang and Ge, Zhiqiang},
  journal = {IEEE Transactions on Industrial Informatics},
  title   = {A Survey on Deep Learning for Data-Driven Soft Sensors},
  year    = {2021},
  volume  = {17},
  number  = {9},
  pages   = {5853-5866},
  doi     = {10.1109/TII.2021.3053128}
}
  
@article{softsensor2,
  title     = {TinyML Meets IoT: A Comprehensive Survey},
  author    = {Dutta, Lachit and Bharali, Swapna},
  journal   = {Internet of Things},
  volume    = {16},
  pages     = {100461},
  year      = {2021},
  publisher = {Elsevier}
}


@article{softsensor3,
  author         = {Ma, Yicao and Liu, Shifeng and Xue, Gang and Gong, Daqing},
  title          = {Soft Sensor with Deep Learning for Functional Region Detection in Urban Environments},
  journal        = {Sensors},
  volume         = {20},
  year           = {2020},
  number         = {12},
  article-number = {3348},
  issn           = {1424-8220},
  doi            = {10.3390/s20123348}
}

@inproceedings{snap4city,
  title        = {Snap4city: A scalable iot/ioe platform for developing smart city applications},
  author       = {Badii, Claudio and Belay, Elefelious G and Bellini, Pierfrancesco and Marazzini, Mino and Mesiti, Marco and Nesi, Paolo and Pantaleo, Gianni and Paolucci, Michela and Valtolina, Stefano and Soderi, Mirco and others},
  booktitle    = {2018 IEEE SmartWorld, Ubiquitous Intelligence \& Computing, Advanced \& Trusted Computing, Scalable Computing \& Communications, Cloud \& Big Data Computing, Internet of People and Smart City Innovation (SmartWorld/SCALCOM/UIC/ATC/CBDCom/IOP/SCI)},
  pages        = {2109--2116},
  year         = {2018},
  organization = {IEEE}
}

@article{smartstrategy,
  title     = {The operationalizing aspects of smart cities: The case of Turkey’s smart strategies},
  author    = {Tekin Bilbil, Ebru},
  journal   = {Journal of the Knowledge Economy},
  volume    = {8},
  number    = {3},
  pages     = {1032--1048},
  year      = {2017},
  publisher = {Springer}
}

@article{validation1,
  author  = {Mora-Sánchez, Olga B. and López-Neri, Emmanuel and Cedillo-Elias, E. Julieta and Aceves-Martínez, Emmanuel and Larios, Victor M.},
  journal = {IEEE Transactions on Engineering Management},
  title   = {Validation of IoT Infrastructure for the Construction of Smart Cities Solutions on Living Lab Platform},
  year    = {2021},
  volume  = {68},
  number  = {3},
  pages   = {899-908},
  doi     = {10.1109/TEM.2020.3002250}
}
